<?xml version="1.0" encoding="UTF-8"?>
<!DOCTYPE html PUBLIC "-//W3C//DTD XHTML 1.0 Transitional//EN"
    "http://www.w3.org/TR/xhtml1/DTD/xhtml1-transitional.dtd">
<html xmlns="http://www.w3.org/1999/xhtml" xml:lang="en" lang="en">
 <head>
  <title>
</title>
<meta http-equiv="Content-Type" content="text/html;charset=utf-8" />
  <meta name='ocr-system' content='tesseract 3.04.00' />
  <meta name='ocr-capabilities' content='ocr_page ocr_carea ocr_par ocr_line ocrx_word'/>
</head>
<body>
  <div class='ocr_page' id='page_1' title='image "./aburbeconditali12livygoog_0097.png"; bbox 0 0 2575 4067; ppageno 0'>
   <div class='ocr_carea' id='block_1_1' title="bbox 315 211 1030 297">
    <p class='ocr_par' dir='ltr' id='par_1_1' title="bbox 315 211 1030 297">
     <span class='ocr_line' id='line_1_1' title="bbox 315 211 1030 297; baseline 0.008 -21"><span class='ocrx_word' id='word_1_1' title='bbox 315 211 793 297; x_wconf 53' lang='lat' dir='ltr'><strong>amarmurmiiilacdtt]</strong></span> <span class='ocrx_word' id='word_1_2' title='bbox 988 216 1030 284; x_wconf 76' lang='grc'><strong>91</strong></span> 
     </span>
    </p>
   </div>
   <div class='ocr_carea' id='block_1_2' title="bbox 67 378 1070 3556">
    <p class='ocr_par' dir='ltr' id='par_1_2' title="bbox 67 378 1058 1884">
     <span class='ocr_line' id='line_1_2' title="bbox 81 378 1027 453; baseline 0.004 -12"><span class='ocrx_word' id='word_1_3' title='bbox 81 395 122 441; x_wconf 77' lang='lat' dir='ltr'><strong>rus</strong></span> <span class='ocrx_word' id='word_1_4' title='bbox 131 380 272 442; x_wconf 87' lang='lat' dir='ltr'><strong>accidens</strong></span> <span class='ocrx_word' id='word_1_5' title='bbox 286 388 315 442; x_wconf 89' lang='lat' dir='ltr'><strong>et</strong></span> <span class='ocrx_word' id='word_1_6' title='bbox 327 380 501 442; x_wconf 71' lang='lat' dir='ltr'><strong>Samnitium</strong></span> <span class='ocrx_word' id='word_1_7' title='bbox 515 380 622 441; x_wconf 78' lang='lat' dir='ltr'><strong>terrm</strong></span> <span class='ocrx_word' id='word_1_8' title='bbox 632 380 760 451; x_wconf 89' lang='lat' dir='ltr'><strong>animos,</strong></span> <span class='ocrx_word' id='word_1_9' title='bbox 777 386 807 440; x_wconf 88' lang='lat' dir='ltr'><strong>et</strong></span> <span class='ocrx_word' id='word_1_10' title='bbox 820 379 960 453; x_wconf 82' lang='lat' dir='ltr'><strong>dictator,</strong></span> <span class='ocrx_word' id='word_1_11' title='bbox 975 378 1027 445; x_wconf 91' lang='lat' dir='ltr'><strong>ubi</strong></span> 
     </span>
     <span class='ocr_line' id='line_1_3' title="bbox 77 461 1028 545; baseline 0.005 -23"><span class='ocrx_word' id='word_1_12' title='bbox 77 471 273 542; x_wconf 79' lang='lat' dir='ltr'>respectantes</span> <span class='ocrx_word' id='word_1_13' title='bbox 301 463 430 525; x_wconf 89' lang='lat' dir='ltr'><strong>hostium</strong></span> <span class='ocrx_word' id='word_1_14' title='bbox 457 464 664 542; x_wconf 74' lang='lat' dir='ltr'><strong>antesignanos</strong></span> <span class='ocrx_word' id='word_1_15' title='bbox 692 461 866 543; x_wconf 82' lang='lat' dir='ltr'><strong>turbataque</strong></span> <span class='ocrx_word' id='word_1_16' title='bbox 891 466 974 545; x_wconf 87' lang='lat' dir='ltr'><strong>signa</strong></span> <span class='ocrx_word' id='word_1_17' title='bbox 998 474 1028 527; x_wconf 90' lang='lat' dir='ltr'><strong>et</strong></span> 
     </span>
     <span class='ocr_line' id='line_1_4' title="bbox 75 544 1026 627; baseline 0.006 -21"><span class='ocrx_word' id='word_1_18' title='bbox 75 544 260 609; x_wconf 80' lang='lat' dir='ltr'><strong>fluctuantem</strong></span> <span class='ocrx_word' id='word_1_19' title='bbox 273 550 368 609; x_wconf 88' lang='lat' dir='ltr'><strong>aciem</strong></span> <span class='ocrx_word' id='word_1_20' title='bbox 379 547 465 618; x_wconf 80' lang='lat' dir='ltr'><strong>vidit,</strong></span> <span class='ocrx_word' id='word_1_21' title='bbox 479 555 543 609; x_wconf 93' lang='lat' dir='ltr'><strong>tum</strong></span> <span class='ocrx_word' id='word_1_22' title='bbox 554 544 721 627; x_wconf 86' lang='lat' dir='ltr'><strong>appellare,</strong></span> <span class='ocrx_word' id='word_1_23' title='bbox 734 554 798 608; x_wconf 91' lang='lat' dir='ltr'><strong>tum</strong></span> <span class='ocrx_word' id='word_1_24' title='bbox 810 546 960 609; x_wconf 86' lang='lat' dir='ltr'><strong>adhortari</strong></span> <span class='ocrx_word' id='word_1_25' title='bbox 970 549 1026 612; x_wconf 90' lang='lat' dir='ltr'><strong>mi·</strong></span> 
     </span>
     <span class='ocr_line' id='line_1_5' title="bbox 73 627 1027 712; baseline 0.005 -23"><span class='ocrx_word' id='word_1_26' title='bbox 73 627 144 702; x_wconf 88' lang='lat' dir='ltr'><strong>lites,</strong></span> <span class='ocrx_word' id='word_1_27' title='bbox 159 631 302 693; x_wconf 86' lang='lat' dir='ltr'><strong>tribunos</strong></span> <span class='ocrx_word' id='word_1_28' title='bbox 311 632 520 712; x_wconf 88' lang='lat' dir='ltr'><strong>priucipesque</strong></span> <span class='ocrx_word' id='word_1_29' title='bbox 533 630 672 692; x_wconf 81' lang='lat' dir='ltr'><strong>ordinum</strong></span> <span class='ocrx_word' id='word_1_30' title='bbox 683 630 855 691; x_wconf 87' lang='lat' dir='ltr'><strong>nominatim</strong></span> <span class='ocrx_word' id='word_1_31' title='bbox 867 629 905 692; x_wconf 90' lang='lat' dir='ltr'><strong>ad</strong></span> <span class='ocrx_word' id='word_1_32' title='bbox 917 632 1027 694; x_wconf 90' lang='lat' dir='ltr'><strong>iteran-</strong></span> 
     </span>
     <span class='ocr_line' id='line_1_6' title="bbox 72 712 1056 796; baseline 0.003 -24"><span class='ocrx_word' id='word_1_33' title='bbox 72 712 130 776; x_wconf 80' lang='lat' dir='ltr'><strong>dam</strong></span> <span class='ocrx_word' id='word_1_34' title='bbox 143 733 251 777; x_wconf 90' lang='lat' dir='ltr'><strong>seeum</strong></span> <span class='ocrx_word' id='word_1_35' title='bbox 277 732 407 796; x_wconf 87' lang='lat' dir='ltr'><strong>pugnam</strong></span> <span class='ocrx_word' id='word_1_36' title='bbox 429 731 544 776; x_wconf 82' lang='lat' dir='ltr'><strong>vocare.</strong></span> <span class='ocrx_word' id='word_1_37' title='bbox 577 721 682 775; x_wconf 82' lang='lat' dir='ltr'><strong>novato</strong></span> <span class='ocrx_word' id='word_1_38' title='bbox 700 713 829 776; x_wconf 88' lang='lat' dir='ltr'><strong>clamore</strong></span> <span class='ocrx_word' id='word_1_39' title='bbox 848 714 932 793; x_wconf 86' lang='lat' dir='ltr'><strong>signa</strong></span> <span class='ocrx_word' id='word_1_40' title='bbox 952 713 1056 776; x_wconf 74' lang='lat' dir='ltr'><strong>luia-o</strong></span> 
     </span>
     <span class='ocr_line' id='line_1_7' title="bbox 71 796 1028 880; baseline 0.003 -23"><span class='ocrx_word' id='word_1_41' title='bbox 71 804 183 870; x_wconf 87' lang='lat' dir='ltr'><strong>runtur,</strong></span> <span class='ocrx_word' id='word_1_42' title='bbox 198 805 231 860; x_wconf 88' lang='lat' dir='ltr'><strong>et</strong></span> <span class='ocrx_word' id='word_1_43' title='bbox 242 798 387 880; x_wconf 88' lang='lat' dir='ltr'><strong>quidquid</strong></span> <span class='ocrx_word' id='word_1_44' title='bbox 401 796 681 880; x_wconf 76' lang='lat' dir='ltr'><strong>progrediebantur,</strong></span> <span class='ocrx_word' id='word_1_45' title='bbox 696 797 790 875; x_wconf 87' lang='lat' dir='ltr'><strong>magis</strong></span> <span class='ocrx_word' id='word_1_46' title='bbox 801 798 952 877; x_wconf 75' lang='lat' dir='ltr'><strong>magisque</strong></span> <span class='ocrx_word' id='word_1_47' title='bbox 965 805 1028 860; x_wconf 89' lang='lat' dir='ltr'><strong>tur·</strong></span> 
     </span>
     <span class='ocr_line' id='line_1_8' title="bbox 70 878 1027 962; baseline 0.004 -23"><span class='ocrx_word' id='word_1_48' title='bbox 70 878 145 944; x_wconf 91' lang='lat' dir='ltr'><strong>batos</strong></span> <span class='ocrx_word' id='word_1_49' title='bbox 159 882 268 945; x_wconf 87' lang='lat' dir='ltr'><strong>hostes</strong></span> <span class='ocrx_word' id='word_1_50' title='bbox 280 881 451 944; x_wconf 88' lang='lat' dir='ltr'><strong>cernebant.</strong></span> <span class='ocrx_word' id='word_1_51' title='bbox 475 898 566 962; x_wconf 86' lang='lat' dir='ltr'><strong>equas</strong></span> <span class='ocrx_word' id='word_1_52' title='bbox 577 883 641 962; x_wconf 87' lang='lat' dir='ltr'><strong>ipse</strong></span> <span class='ocrx_word' id='word_1_53' title='bbox 651 882 711 943; x_wconf 88' lang='lat' dir='ltr'><strong>iam</strong></span> <span class='ocrx_word' id='word_1_54' title='bbox 724 881 829 961; x_wconf 90' lang='lat' dir='ltr'><strong>primis</strong></span> <span class='ocrx_word' id='word_1_55' title='bbox 843 881 1027 943; x_wconf 79' lang='lat' dir='ltr'><strong>cratiacon·</strong></span> 
     </span>
     <span class='ocr_line' id='line_1_9' title="bbox 74 962 1058 1047; baseline 0 -21"><span class='ocrx_word' id='word_1_56' title='bbox 74 973 177 1042; x_wconf 82' lang='lat' dir='ltr'><strong>spectu,</strong></span> <span class='ocrx_word' id='word_1_57' title='bbox 192 974 225 1027; x_wconf 88' lang='lat' dir='ltr'><strong>et</strong></span> <span class='ocrx_word' id='word_1_58' title='bbox 237 964 393 1028; x_wconf 83' lang='lat' dir='ltr'><strong>Cornelius</strong></span> <span class='ocrx_word' id='word_1_59' title='bbox 406 967 567 1047; x_wconf 87' lang='lat' dir='ltr'><strong>respiciens</strong></span> <span class='ocrx_word' id='word_1_60' title='bbox 581 964 618 1026; x_wconf 93' lang='lat' dir='ltr'><strong>ad</strong></span> <span class='ocrx_word' id='word_1_61' title='bbox 628 964 794 1044; x_wconf 88' lang='lat' dir='ltr'><strong>manipulos</strong></span> <span class='ocrx_word' id='word_1_62' title='bbox 804 962 939 1037; x_wconf 87' lang='lat' dir='ltr'><strong>militum,</strong></span> <span class='ocrx_word' id='word_1_63' title='bbox 951 966 1058 1046; x_wconf 75' lang='lat' dir='ltr'><strong>quode</strong></span> 
     </span>
     <span class='ocr_line' id='line_1_10' title="bbox 69 1047 1028 1130; baseline 0.003 -21"><span class='ocrx_word' id='word_1_64' title='bbox 69 1063 164 1121; x_wconf 87' lang='lat' dir='ltr'><strong>manu,</strong></span> <span class='ocrx_word' id='word_1_65' title='bbox 187 1049 274 1130; x_wconf 91' lang='lat' dir='ltr'><strong>quod</strong></span> <span class='ocrx_word' id='word_1_66' title='bbox 295 1067 367 1111; x_wconf 83' lang='lat' dir='ltr'><strong>roca</strong></span> <span class='ocrx_word' id='word_1_67' title='bbox 386 1058 518 1130; x_wconf 88' lang='lat' dir='ltr'><strong>poterat,</strong></span> <span class='ocrx_word' id='word_1_68' title='bbox 540 1048 725 1110; x_wconf 80' lang='lat' dir='ltr'><strong>monstrabat</strong></span> <span class='ocrx_word' id='word_1_69' title='bbox 737 1047 842 1110; x_wconf 76' lang='lat' dir='ltr'><strong>venilia</strong></span> <span class='ocrx_word' id='word_1_70' title='bbox 860 1066 892 1109; x_wconf 90' lang='lat' dir='ltr'><strong>se</strong></span> <span class='ocrx_word' id='word_1_71' title='bbox 906 1066 1028 1112; x_wconf 90' lang='lat' dir='ltr'><strong>suorum</strong></span> 
     </span>
     <span class='ocr_line' id='line_1_11' title="bbox 69 1130 1056 1214; baseline 0.004 -23"><span class='ocrx_word' id='word_1_72' title='bbox 69 1148 246 1214; x_wconf 86' lang='lat' dir='ltr'><strong>parmasque</strong></span> <span class='ocrx_word' id='word_1_73' title='bbox 262 1150 387 1194; x_wconf 88' lang='lat' dir='ltr'><strong>cernere</strong></span> <span class='ocrx_word' id='word_1_74' title='bbox 403 1135 542 1214; x_wconf 84' lang='lat' dir='ltr'><strong>equitum.</strong></span> <span class='ocrx_word' id='word_1_75' title='bbox 579 1133 658 1213; x_wconf 91' lang='lat' dir='ltr'><strong>quod</strong></span> <span class='ocrx_word' id='word_1_76' title='bbox 673 1131 725 1194; x_wconf 92' lang='lat' dir='ltr'><strong>ubi</strong></span> <span class='ocrx_word' id='word_1_77' title='bbox 740 1130 870 1194; x_wconf 91' lang='lat' dir='ltr'><strong>auditum</strong></span> <span class='ocrx_word' id='word_1_78' title='bbox 887 1131 975 1195; x_wconf 89' lang='lat' dir='ltr'><strong>simul</strong></span> <span class='ocrx_word' id='word_1_79' title='bbox 985 1134 1056 1195; x_wconf 75' lang='lat' dir='ltr'><strong>rbi</strong></span> 
     </span>
     <span class='ocr_line' id='line_1_12' title="bbox 68 1215 1028 1298; baseline 0.001 -22"><span class='ocrx_word' id='word_1_80' title='bbox 68 1232 186 1296; x_wconf 82' lang='lat' dir='ltr'><strong>sumque</strong></span> <span class='ocrx_word' id='word_1_81' title='bbox 205 1225 270 1289; x_wconf 87' lang='lat' dir='ltr'><strong>est,</strong></span> <span class='ocrx_word' id='word_1_82' title='bbox 296 1216 369 1278; x_wconf 89' lang='lat' dir='ltr'><strong>adeo</strong></span> <span class='ocrx_word' id='word_1_83' title='bbox 390 1225 513 1298; x_wconf 89' lang='lat' dir='ltr'><strong>repente</strong></span> <span class='ocrx_word' id='word_1_84' title='bbox 535 1215 645 1279; x_wconf 87' lang='lat' dir='ltr'><strong>laboris</strong></span> <span class='ocrx_word' id='word_1_85' title='bbox 660 1234 715 1297; x_wconf 90' lang='lat' dir='ltr'><strong>per</strong></span> <span class='ocrx_word' id='word_1_86' title='bbox 729 1215 809 1277; x_wconf 88' lang='lat' dir='ltr'><strong>diem</strong></span> <span class='ocrx_word' id='word_1_87' title='bbox 824 1232 919 1296; x_wconf 89' lang='lat' dir='ltr'><strong>paene</strong></span> <span class='ocrx_word' id='word_1_88' title='bbox 933 1223 1028 1278; x_wconf 92' lang='lat' dir='ltr'><strong>totum</strong></span> 
     </span>
     <span class='ocr_line' id='line_1_13' title="bbox 67 1296 1030 1381; baseline 0.005 -24"><span class='ocrx_word' id='word_1_89' title='bbox 67 1296 177 1362; x_wconf 87' lang='lat' dir='ltr'><strong>tolerati</strong></span> <span class='ocrx_word' id='word_1_90' title='bbox 198 1300 418 1381; x_wconf 78' lang='lat' dir='ltr'><strong>vulnerumque</strong></span> <span class='ocrx_word' id='word_1_91' title='bbox 434 1300 517 1363; x_wconf 90' lang='lat' dir='ltr'><strong>obliti</strong></span> <span class='ocrx_word' id='word_1_92' title='bbox 530 1307 614 1372; x_wconf 87' lang='lat' dir='ltr'><strong>sunt,</strong></span> <span class='ocrx_word' id='word_1_93' title='bbox 637 1310 671 1362; x_wconf 91' lang='lat' dir='ltr'><strong>ut</strong></span> <span class='ocrx_word' id='word_1_94' title='bbox 684 1299 762 1362; x_wconf 89' lang='lat' dir='ltr'><strong>baud</strong></span> <span class='ocrx_word' id='word_1_95' title='bbox 777 1316 877 1371; x_wconf 86' lang='lat' dir='ltr'><strong>secus,</strong></span> <span class='ocrx_word' id='word_1_96' title='bbox 900 1300 1030 1380; x_wconf 79' lang='lat' dir='ltr'><strong>quamsi</strong></span> 
     </span>
     <span class='ocr_line' id='line_1_14' title="bbox 67 1385 1028 1466; baseline 0.003 -23"><span class='ocrx_word' id='word_1_97' title='bbox 67 1387 124 1443; x_wconf 92' lang='lat' dir='ltr'><strong>tum</strong></span> <span class='ocrx_word' id='word_1_98' title='bbox 136 1385 254 1466; x_wconf 89' lang='lat' dir='ltr'><strong>integri</strong></span> <span class='ocrx_word' id='word_1_99' title='bbox 272 1386 405 1447; x_wconf 86' lang='lat' dir='ltr'><strong>ecastris</strong></span> <span class='ocrx_word' id='word_1_100' title='bbox 420 1385 536 1464; x_wconf 91' lang='lat' dir='ltr'><strong>signum</strong></span> <span class='ocrx_word' id='word_1_101' title='bbox 549 1402 665 1465; x_wconf 87' lang='lat' dir='ltr'><strong>pugnae</strong></span> <span class='ocrx_word' id='word_1_102' title='bbox 683 1385 880 1465; x_wconf 87' lang='lat' dir='ltr'><strong>accepissent,</strong></span> <span class='ocrx_word' id='word_1_103' title='bbox 898 1385 1028 1446; x_wconf 89' lang='lat' dir='ltr'><strong>concita·</strong></span> 
     </span>
     <span class='ocr_line' id='line_1_15' title="bbox 67 1466 1056 1531; baseline 0.004 -7"><span class='ocrx_word' id='word_1_104' title='bbox 67 1468 156 1530; x_wconf 84' lang='lat' dir='ltr'><strong>verint</strong></span> <span class='ocrx_word' id='word_1_105' title='bbox 169 1486 204 1530; x_wconf 87' lang='lat' dir='ltr'><strong>se</strong></span> <span class='ocrx_word' id='word_1_106' title='bbox 225 1471 262 1531; x_wconf 91' lang='lat' dir='ltr'><strong>in</strong></span> <span class='ocrx_word' id='word_1_107' title='bbox 276 1468 401 1531; x_wconf 88' lang='lat' dir='ltr'><strong>bostem.</strong></span> <span class='ocrx_word' id='word_1_108' title='bbox 433 1486 489 1530; x_wconf 92' lang='lat' dir='ltr'><strong>nec</strong></span> <span class='ocrx_word' id='word_1_109' title='bbox 503 1468 581 1530; x_wconf 87' lang='lat' dir='ltr'><strong>ultra</strong></span> <span class='ocrx_word' id='word_1_110' title='bbox 595 1468 711 1531; x_wconf 84' lang='lat' dir='ltr'><strong>Samnis</strong></span> <span class='ocrx_word' id='word_1_111' title='bbox 733 1466 860 1529; x_wconf 89' lang='lat' dir='ltr'><strong>tolerare</strong></span> <span class='ocrx_word' id='word_1_112' title='bbox 881 1474 1056 1530; x_wconf 77' lang='lat' dir='ltr'><strong>terroremt</strong></span> 
     </span>
     <span class='ocr_line' id='line_1_16' title="bbox 67 1550 1027 1634; baseline 0.002 -23"><span class='ocrx_word' id='word_1_113' title='bbox 67 1552 192 1627; x_wconf 72' lang='lat' dir='ltr'><strong>qucum</strong></span> <span class='ocrx_word' id='word_1_114' title='bbox 212 1552 409 1634; x_wconf 85' lang='lat' dir='ltr'><strong>peditumque</strong></span> <span class='ocrx_word' id='word_1_115' title='bbox 429 1553 488 1614; x_wconf 84' lang='lat' dir='ltr'><strong>vim</strong></span> <span class='ocrx_word' id='word_1_116' title='bbox 510 1554 618 1633; x_wconf 90' lang='lat' dir='ltr'><strong>potuit:</strong></span> <span class='ocrx_word' id='word_1_117' title='bbox 640 1552 748 1633; x_wconf 90' lang='lat' dir='ltr'><strong>partim</strong></span> <span class='ocrx_word' id='word_1_118' title='bbox 766 1554 798 1614; x_wconf 91' lang='lat' dir='ltr'><strong>ln</strong></span> <span class='ocrx_word' id='word_1_119' title='bbox 818 1550 917 1613; x_wconf 92' lang='lat' dir='ltr'><strong>medio</strong></span> <span class='ocrx_word' id='word_1_120' title='bbox 941 1553 1027 1624; x_wconf 88' lang='lat' dir='ltr'><strong>caesi,</strong></span> 
     </span>
     <span class='ocr_line' id='line_1_17' title="bbox 67 1635 1057 1717; baseline 0.007 -26"><span class='ocrx_word' id='word_1_121' title='bbox 67 1635 168 1707; x_wconf 88' lang='lat' dir='ltr'><strong>partim</strong></span> <span class='ocrx_word' id='word_1_122' title='bbox 190 1638 225 1699; x_wconf 90' lang='lat' dir='ltr'><strong>in</strong></span> <span class='ocrx_word' id='word_1_123' title='bbox 246 1637 349 1714; x_wconf 81' lang='lat' dir='ltr'><strong>fugam</strong></span> <span class='ocrx_word' id='word_1_124' title='bbox 376 1635 508 1716; x_wconf 90' lang='lat' dir='ltr'><strong>dissipati</strong></span> <span class='ocrx_word' id='word_1_125' title='bbox 524 1645 602 1699; x_wconf 88' lang='lat' dir='ltr'><strong>sunt</strong></span> <span class='ocrx_word' id='word_1_126' title='bbox 638 1636 729 1717; x_wconf 88' lang='lat' dir='ltr'><strong>pedes</strong></span> <span class='ocrx_word' id='word_1_127' title='bbox 749 1643 894 1698; x_wconf 86' lang='lat' dir='ltr'><strong>restantes</strong></span> <span class='ocrx_word' id='word_1_128' title='bbox 914 1653 950 1698; x_wconf 88' lang='lat' dir='ltr'><strong>ac</strong></span> <span class='ocrx_word' id='word_1_129' title='bbox 970 1637 1057 1698; x_wconf 76' lang='lat' dir='ltr'><strong>cir-i</strong></span> 
     </span>
     <span class='ocr_line' id='line_1_18' title="bbox 67 1719 1026 1801; baseline 0.01 -28"><span class='ocrx_word' id='word_1_130' title='bbox 67 1727 236 1781; x_wconf 81' lang='lat' dir='ltr'><strong>cumventos</strong></span> <span class='ocrx_word' id='word_1_131' title='bbox 254 1720 378 1789; x_wconf 90' lang='lat' dir='ltr'><strong>cecidit;</strong></span> <span class='ocrx_word' id='word_1_132' title='bbox 396 1719 433 1782; x_wconf 90' lang='lat' dir='ltr'><strong>ab</strong></span> <span class='ocrx_word' id='word_1_133' title='bbox 449 1723 546 1801; x_wconf 85' lang='lat' dir='ltr'><strong>equite</strong></span> <span class='ocrx_word' id='word_1_134' title='bbox 563 1720 738 1799; x_wconf 82' lang='lat' dir='ltr'><strong>fugientium</strong></span> <span class='ocrx_word' id='word_1_135' title='bbox 752 1728 866 1799; x_wconf 89' lang='lat' dir='ltr'><strong>strages</strong></span> <span class='ocrx_word' id='word_1_136' title='bbox 881 1728 926 1782; x_wconf 89' lang='lat' dir='ltr'><strong>est</strong></span> <span class='ocrx_word' id='word_1_137' title='bbox 940 1720 1026 1792; x_wconf 87' lang='lat' dir='ltr'><strong>iacta,</strong></span> 
     </span>
     <span class='ocr_line' id='line_1_19' title="bbox 68 1796 668 1884; baseline 0.013 -27"><span class='ocrx_word' id='word_1_138' title='bbox 68 1796 139 1861; x_wconf 87' lang='lat' dir='ltr'><strong>inter</strong></span> <span class='ocrx_word' id='word_1_139' title='bbox 153 1821 231 1883; x_wconf 92' lang='lat' dir='ltr'><strong>quos</strong></span> <span class='ocrx_word' id='word_1_140' title='bbox 249 1811 281 1864; x_wconf 88' lang='lat' dir='ltr'><strong>et</strong></span> <span class='ocrx_word' id='word_1_141' title='bbox 297 1805 361 1884; x_wconf 92' lang='lat' dir='ltr'><strong>ipse</strong></span> <span class='ocrx_word' id='word_1_142' title='bbox 374 1805 537 1884; x_wconf 89' lang='lat' dir='ltr'><strong>imperator</strong></span> <span class='ocrx_word' id='word_1_143' title='bbox 553 1804 668 1866; x_wconf 92' lang='lat' dir='ltr'><strong>cecidit.</strong></span> 
     </span>
    </p>

    <p class='ocr_par' dir='ltr' id='par_1_3' title="bbox 68 1885 1070 3556">
     <span class='ocr_line' id='line_1_20' title="bbox 123 1885 1070 1968; baseline 0.001 -21"><span class='ocrx_word' id='word_1_144' title='bbox 123 1885 189 1948; x_wconf 87' lang='lat' dir='ltr'><strong>Hoc</strong></span> <span class='ocrx_word' id='word_1_145' title='bbox 207 1888 331 1949; x_wconf 91' lang='lat' dir='ltr'><strong>demum</strong></span> <span class='ocrx_word' id='word_1_146' title='bbox 347 1886 493 1968; x_wconf 88' lang='lat' dir='ltr'><strong>proebum</strong></span> <span class='ocrx_word' id='word_1_147' title='bbox 516 1888 691 1950; x_wconf 75' lang='lat' dir='ltr'><strong>Samnitium</strong></span> <span class='ocrx_word' id='word_1_148' title='bbox 711 1906 762 1950; x_wconf 87' lang='lat' dir='ltr'><strong>res</strong></span> <span class='ocrx_word' id='word_1_149' title='bbox 783 1890 824 1950; x_wconf 82' lang='lat' dir='ltr'><strong>ita</strong></span> <span class='ocrx_word' id='word_1_150' title='bbox 838 1888 973 1968; x_wconf 75' lang='lat' dir='ltr'><strong>infregit,</strong></span> <span class='ocrx_word' id='word_1_151' title='bbox 993 1896 1028 1951; x_wconf 88' lang='lat' dir='ltr'><strong>ut</strong></span> <span class='ocrx_word' id='word_1_152' title='bbox 1036 1895 1070 1949; x_wconf 84' lang='lat'><strong>10</strong></span> 
     </span>
     <span class='ocr_line' id='line_1_21' title="bbox 69 1969 1025 2052; baseline 0.005 -22"><span class='ocrx_word' id='word_1_153' title='bbox 69 1969 200 2033; x_wconf 84' lang='lat' dir='ltr'><strong>omnibus</strong></span> <span class='ocrx_word' id='word_1_154' title='bbox 206 1969 346 2034; x_wconf 85' lang='lat' dir='ltr'><strong>conciliis</strong></span> <span class='ocrx_word' id='word_1_155' title='bbox 355 1972 520 2033; x_wconf 83' lang='lat' dir='ltr'><strong>fremerent</strong></span> <span class='ocrx_word' id='word_1_156' title='bbox 530 1973 653 2033; x_wconf 91' lang='lat' dir='ltr'><strong>minime</strong></span> <span class='ocrx_word' id='word_1_157' title='bbox 662 1972 693 2032; x_wconf 91' lang='lat' dir='ltr'><strong>id</strong></span> <span class='ocrx_word' id='word_1_158' title='bbox 699 1971 817 2052; x_wconf 89' lang='lat' dir='ltr'><strong>quidem</strong></span> <span class='ocrx_word' id='word_1_159' title='bbox 832 1973 941 2034; x_wconf 91' lang='lat' dir='ltr'><strong>mirum</strong></span> <span class='ocrx_word' id='word_1_160' title='bbox 952 1990 1025 2045; x_wconf 87' lang='lat' dir='ltr'><strong>esse,</strong></span> 
     </span>
     <span class='ocr_line' id='line_1_22' title="bbox 68 2048 1026 2135; baseline 0.007 -24"><span class='ocrx_word' id='word_1_161' title='bbox 68 2048 91 2107; x_wconf 88' lang='lat' dir='ltr'><strong>si</strong></span> <span class='ocrx_word' id='word_1_162' title='bbox 103 2051 184 2131; x_wconf 91' lang='lat' dir='ltr'><strong>inpio</strong></span> <span class='ocrx_word' id='word_1_163' title='bbox 199 2053 284 2117; x_wconf 89' lang='lat' dir='ltr'><strong>bello</strong></span> <span class='ocrx_word' id='word_1_164' title='bbox 301 2063 330 2115; x_wconf 89' lang='lat' dir='ltr'><strong>et</strong></span> <span class='ocrx_word' id='word_1_165' title='bbox 345 2063 448 2116; x_wconf 90' lang='lat' dir='ltr'><strong>contra</strong></span> <span class='ocrx_word' id='word_1_166' title='bbox 462 2054 567 2116; x_wconf 81' lang='lat' dir='ltr'><strong>foedus</strong></span> <span class='ocrx_word' id='word_1_167' title='bbox 581 2061 733 2135; x_wconf 89' lang='lat' dir='ltr'><strong>suscepto,</strong></span> <span class='ocrx_word' id='word_1_168' title='bbox 749 2054 950 2117; x_wconf 80' lang='lat' dir='ltr'><strong>infestioribus</strong></span> <span class='ocrx_word' id='word_1_169' title='bbox 963 2074 1026 2118; x_wconf 90' lang='lat' dir='ltr'><strong>me·</strong></span> 
     </span>
     <span class='ocr_line' id='line_1_23' title="bbox 68 2132 1027 2220; baseline 0.01 -30"><span class='ocrx_word' id='word_1_170' title='bbox 68 2132 120 2194; x_wconf 87' lang='lat' dir='ltr'><strong>rito</strong></span> <span class='ocrx_word' id='word_1_171' title='bbox 130 2136 194 2199; x_wconf 88' lang='lat' dir='ltr'><strong>deis</strong></span> <span class='ocrx_word' id='word_1_172' title='bbox 206 2157 298 2220; x_wconf 87' lang='lat' dir='ltr'><strong>quam</strong></span> <span class='ocrx_word' id='word_1_173' title='bbox 314 2137 498 2209; x_wconf 87' lang='lat' dir='ltr'><strong>hominibus,</strong></span> <span class='ocrx_word' id='word_1_174' title='bbox 514 2137 587 2199; x_wconf 90' lang='lat' dir='ltr'><strong>nibil</strong></span> <span class='ocrx_word' id='word_1_175' title='bbox 600 2155 744 2218; x_wconf 90' lang='lat' dir='ltr'><strong>prospere</strong></span> <span class='ocrx_word' id='word_1_176' title='bbox 755 2145 891 2216; x_wconf 80' lang='lat' dir='ltr'><strong>agerent:</strong></span> <span class='ocrx_word' id='word_1_177' title='bbox 907 2141 1027 2218; x_wconf 85' lang='lat' dir='ltr'><strong>expiau-</strong></span> 
     </span>
     <span class='ocr_line' id='line_1_24' title="bbox 70 2212 1069 2302; baseline -0.001 -23"><span class='ocrx_word' id='word_1_178' title='bbox 70 2212 134 2279; x_wconf 80' lang='lat' dir='ltr'><strong>dum</strong></span> <span class='ocrx_word' id='word_1_179' title='bbox 147 2220 178 2282; x_wconf 92' lang='lat' dir='ltr'><strong>id</strong></span> <span class='ocrx_word' id='word_1_180' title='bbox 203 2221 318 2285; x_wconf 81' lang='lat' dir='ltr'><strong>belum</strong></span> <span class='ocrx_word' id='word_1_181' title='bbox 343 2240 449 2302; x_wconf 88' lang='lat' dir='ltr'><strong>magna</strong></span> <span class='ocrx_word' id='word_1_182' title='bbox 468 2221 606 2283; x_wconf 79' lang='lat' dir='ltr'><strong>mercede</strong></span> <span class='ocrx_word' id='word_1_183' title='bbox 625 2219 825 2300; x_wconf 89' lang='lat' dir='ltr'><strong>luendumque</strong></span> <span class='ocrx_word' id='word_1_184' title='bbox 841 2238 920 2289; x_wconf 90' lang='lat' dir='ltr'><strong>esse;</strong></span> <span class='ocrx_word' id='word_1_185' title='bbox 935 2221 1069 2282; x_wconf 79' lang='lat' dir='ltr'><strong>idm-11</strong></span> 
     </span>
     <span class='ocr_line' id='line_1_25' title="bbox 69 2295 1026 2386; baseline 0.003 -24"><span class='ocrx_word' id='word_1_186' title='bbox 69 2295 142 2363; x_wconf 81' lang='lat' dir='ltr'><strong>ieme</strong></span> <span class='ocrx_word' id='word_1_187' title='bbox 153 2312 282 2376; x_wconf 91' lang='lat' dir='ltr'><strong>tantum,</strong></span> <span class='ocrx_word' id='word_1_188' title='bbox 298 2312 398 2368; x_wconf 90' lang='lat' dir='ltr'><strong>utrum</strong></span> <span class='ocrx_word' id='word_1_189' title='bbox 409 2303 550 2386; x_wconf 89' lang='lat' dir='ltr'><strong>supplicia</strong></span> <span class='ocrx_word' id='word_1_190' title='bbox 564 2306 652 2366; x_wconf 86' lang='lat' dir='ltr'><strong>noxio</strong></span> <span class='ocrx_word' id='word_1_191' title='bbox 669 2321 831 2383; x_wconf 88' lang='lat' dir='ltr'><strong>paucorum</strong></span> <span class='ocrx_word' id='word_1_192' title='bbox 846 2321 883 2364; x_wconf 91' lang='lat' dir='ltr'><strong>an</strong></span> <span class='ocrx_word' id='word_1_193' title='bbox 895 2304 1026 2365; x_wconf 92' lang='lat' dir='ltr'><strong>omnium</strong></span> 
     </span>
     <span class='ocr_line' id='line_1_26' title="bbox 70 2379 1027 2472; baseline 0.006 -29"><span class='ocrx_word' id='word_1_194' title='bbox 70 2379 184 2449; x_wconf 89' lang='lat' dir='ltr'><strong>innoxio</strong></span> <span class='ocrx_word' id='word_1_195' title='bbox 198 2389 366 2472; x_wconf 89' lang='lat' dir='ltr'><strong>praebeant</strong></span> <span class='ocrx_word' id='word_1_196' title='bbox 377 2391 534 2469; x_wconf 78' lang='lat' dir='ltr'><strong>sanguine:</strong></span> <span class='ocrx_word' id='word_1_197' title='bbox 550 2387 755 2469; x_wconf 88' lang='lat' dir='ltr'><strong>audebantque</strong></span> <span class='ocrx_word' id='word_1_198' title='bbox 770 2388 828 2448; x_wconf 93' lang='lat' dir='ltr'><strong>iam</strong></span> <span class='ocrx_word' id='word_1_199' title='bbox 838 2386 955 2468; x_wconf 91' lang='lat' dir='ltr'><strong>quidam</strong></span> <span class='ocrx_word' id='word_1_200' title='bbox 973 2405 1027 2449; x_wconf 93' lang='lat' dir='ltr'><strong>no·</strong></span> 
     </span>
     <span class='ocr_line' id='line_1_27' title="bbox 70 2466 1070 2551; baseline 0.003 -23"><span class='ocrx_word' id='word_1_201' title='bbox 70 2466 176 2533; x_wconf 83' lang='lat' dir='ltr'><strong>minare</strong></span> <span class='ocrx_word' id='word_1_202' title='bbox 188 2481 329 2536; x_wconf 88' lang='lat' dir='ltr'><strong>auctores</strong></span> <span class='ocrx_word' id='word_1_203' title='bbox 339 2492 500 2536; x_wconf 86' lang='lat' dir='ltr'><strong>armorum.</strong></span> <span class='ocrx_word' id='word_1_204' title='bbox 518 2493 610 2535; x_wconf 93' lang='lat' dir='ltr'><strong>unum</strong></span> <span class='ocrx_word' id='word_1_205' title='bbox 625 2473 751 2535; x_wconf 79' lang='lat' dir='ltr'><strong>maxinm</strong></span> <span class='ocrx_word' id='word_1_206' title='bbox 763 2489 873 2534; x_wconf 89' lang='lat' dir='ltr'><strong>nomen</strong></span> <span class='ocrx_word' id='word_1_207' title='bbox 882 2489 938 2551; x_wconf 92' lang='lat' dir='ltr'><strong>per</strong></span> <span class='ocrx_word' id='word_1_208' title='bbox 953 2489 1023 2533; x_wconf 89' lang='lat' dir='ltr'><strong>eon·</strong></span> <span class='ocrx_word' id='word_1_209' title='bbox 1038 2479 1070 2532; x_wconf 82' lang='lat'><strong>12</strong></span> 
     </span>
     <span class='ocr_line' id='line_1_28' title="bbox 71 2554 1026 2638; baseline 0.005 -25"><span class='ocrx_word' id='word_1_210' title='bbox 71 2562 183 2617; x_wconf 70' lang='lat' dir='ltr'><strong>tensum</strong></span> <span class='ocrx_word' id='word_1_211' title='bbox 195 2558 388 2621; x_wconf 81' lang='lat' dir='ltr'><strong>clamantium</strong></span> <span class='ocrx_word' id='word_1_212' title='bbox 404 2556 520 2620; x_wconf 89' lang='lat' dir='ltr'><strong>Brutuli</strong></span> <span class='ocrx_word' id='word_1_213' title='bbox 526 2558 598 2638; x_wconf 88' lang='lat' dir='ltr'><strong>Papi</strong></span> <span class='ocrx_word' id='word_1_214' title='bbox 613 2555 832 2619; x_wconf 87' lang='lat' dir='ltr'><strong>exaudiebatur.</strong></span> <span class='ocrx_word' id='word_1_215' title='bbox 860 2557 907 2619; x_wconf 78' lang='lat' dir='ltr'><strong>vir</strong></span> <span class='ocrx_word' id='word_1_216' title='bbox 917 2554 1026 2618; x_wconf 89' lang='lat' dir='ltr'><strong>nobilis</strong></span> 
     </span>
     <span class='ocr_line' id='line_1_29' title="bbox 72 2640 1027 2722; baseline -0.002 -18"><span class='ocrx_word' id='word_1_217' title='bbox 72 2641 230 2721; x_wconf 64' lang='lat' dir='ltr'><strong>lubensque</strong></span> <span class='ocrx_word' id='word_1_218' title='bbox 239 2649 311 2712; x_wconf 88' lang='lat' dir='ltr'><strong>erat,</strong></span> <span class='ocrx_word' id='word_1_219' title='bbox 324 2640 498 2704; x_wconf 89' lang='lat' dir='ltr'><strong>hauddubie</strong></span> <span class='ocrx_word' id='word_1_220' title='bbox 509 2642 711 2722; x_wconf 87' lang='lat' dir='ltr'><strong>proximarum</strong></span> <span class='ocrx_word' id='word_1_221' title='bbox 721 2640 900 2704; x_wconf 90' lang='lat' dir='ltr'><strong>indutiarum</strong></span> <span class='ocrx_word' id='word_1_222' title='bbox 912 2648 1027 2722; x_wconf 87' lang='lat' dir='ltr'><strong>ruptor.</strong></span> 
     </span>
     <span class='ocr_line' id='line_1_30' title="bbox 73 2712 1068 2804; baseline 0.002 -23"><span class='ocrx_word' id='word_1_223' title='bbox 73 2712 106 2775; x_wconf 78' lang='lat' dir='ltr'><strong>de</strong></span> <span class='ocrx_word' id='word_1_224' title='bbox 120 2737 153 2781; x_wconf 89' lang='lat' dir='ltr'><strong>eo</strong></span> <span class='ocrx_word' id='word_1_225' title='bbox 168 2727 265 2788; x_wconf 90' lang='lat' dir='ltr'><strong>coacti</strong></span> <span class='ocrx_word' id='word_1_226' title='bbox 278 2724 393 2787; x_wconf 82' lang='lat' dir='ltr'><strong>referre</strong></span> <span class='ocrx_word' id='word_1_227' title='bbox 407 2733 559 2804; x_wconf 86' lang='lat' dir='ltr'><strong>praetores</strong></span> <span class='ocrx_word' id='word_1_228' title='bbox 570 2726 721 2787; x_wconf 89' lang='lat' dir='ltr'><strong>decretum</strong></span> <span class='ocrx_word' id='word_1_229' title='bbox 735 2725 886 2796; x_wconf 87' lang='lat' dir='ltr'><strong>iecerunt,</strong></span> <span class='ocrx_word' id='word_1_230' title='bbox 903 2733 936 2787; x_wconf 92' lang='lat' dir='ltr'><strong>ut</strong></span> <span class='ocrx_word' id='word_1_231' title='bbox 947 2726 1022 2787; x_wconf 89' lang='lat' dir='ltr'><strong>Bru·</strong></span> <span class='ocrx_word' id='word_1_232' title='bbox 1036 2732 1068 2783; x_wconf 81' lang='lat'><strong>13</strong></span> 
     </span>
     <span class='ocr_line' id='line_1_31' title="bbox 74 2797 1027 2889; baseline 0.004 -25"><span class='ocrx_word' id='word_1_233' title='bbox 74 2797 145 2864; x_wconf 80' lang='lat' dir='ltr'><strong>iulus</strong></span> <span class='ocrx_word' id='word_1_234' title='bbox 162 2806 273 2889; x_wconf 90' lang='lat' dir='ltr'><strong>Papius</strong></span> <span class='ocrx_word' id='word_1_235' title='bbox 286 2810 427 2870; x_wconf 87' lang='lat' dir='ltr'><strong>Romanis</strong></span> <span class='ocrx_word' id='word_1_236' title='bbox 442 2808 614 2879; x_wconf 89' lang='lat' dir='ltr'><strong>dederetur,</strong></span> <span class='ocrx_word' id='word_1_237' title='bbox 630 2817 739 2870; x_wconf 90' lang='lat' dir='ltr'><strong>etcum</strong></span> <span class='ocrx_word' id='word_1_238' title='bbox 755 2826 791 2870; x_wconf 91' lang='lat' dir='ltr'><strong>eo</strong></span> <span class='ocrx_word' id='word_1_239' title='bbox 804 2809 915 2889; x_wconf 89' lang='lat' dir='ltr'><strong>praeda</strong></span> <span class='ocrx_word' id='word_1_240' title='bbox 929 2810 1027 2870; x_wconf 86' lang='lat' dir='ltr'><strong>omnis</strong></span> 
     </span>
     <span class='ocr_line' id='line_1_32' title="bbox 74 2875 1027 2972; baseline 0.002 -25"><span class='ocrx_word' id='word_1_241' title='bbox 74 2875 198 2952; x_wconf 80' lang='lat' dir='ltr'><strong>Romana</strong></span> <span class='ocrx_word' id='word_1_242' title='bbox 211 2893 375 2972; x_wconf 83' lang='lat' dir='ltr'><strong>captivique</strong></span> <span class='ocrx_word' id='word_1_243' title='bbox 385 2900 418 2953; x_wconf 92' lang='lat' dir='ltr'><strong>ut</strong></span> <span class='ocrx_word' id='word_1_244' title='bbox 428 2891 551 2955; x_wconf 87' lang='lat' dir='ltr'><strong>Romam</strong></span> <span class='ocrx_word' id='word_1_245' title='bbox 562 2894 759 2962; x_wconf 85' lang='lat' dir='ltr'><strong>mitterentur,</strong></span> <span class='ocrx_word' id='word_1_246' title='bbox 768 2910 902 2972; x_wconf 83' lang='lat' dir='ltr'><strong>quaeque</strong></span> <span class='ocrx_word' id='word_1_247' title='bbox 912 2909 962 2952; x_wconf 89' lang='lat' dir='ltr'><strong>res</strong></span> <span class='ocrx_word' id='word_1_248' title='bbox 972 2907 1027 2969; x_wconf 91' lang='lat' dir='ltr'><strong>per</strong></span> 
     </span>
     <span class='ocr_line' id='line_1_33' title="bbox 75 2958 1027 3056; baseline 0.012 -35"><span class='ocrx_word' id='word_1_249' title='bbox 75 2958 179 3032; x_wconf 79' lang='lat' dir='ltr'><strong>fetiales</strong></span> <span class='ocrx_word' id='word_1_250' title='bbox 194 2994 231 3037; x_wconf 84' lang='lat' dir='ltr'><strong>ex</strong></span> <span class='ocrx_word' id='word_1_251' title='bbox 247 2975 368 3037; x_wconf 81' lang='lat' dir='ltr'><strong>foedere</strong></span> <span class='ocrx_word' id='word_1_252' title='bbox 384 2978 527 3056; x_wconf 89' lang='lat' dir='ltr'><strong>repetitae</strong></span> <span class='ocrx_word' id='word_1_253' title='bbox 543 2983 655 3047; x_wconf 88' lang='lat' dir='ltr'><strong>essent,</strong></span> <span class='ocrx_word' id='word_1_254' title='bbox 681 2975 843 3035; x_wconf 90' lang='lat' dir='ltr'><strong>secundum</strong></span> <span class='ocrx_word' id='word_1_255' title='bbox 858 2976 906 3035; x_wconf 91' lang='lat' dir='ltr'><strong>ius</strong></span> <span class='ocrx_word' id='word_1_256' title='bbox 925 2973 1027 3051; x_wconf 87' lang='lat' dir='ltr'><strong>iasque</strong></span> 
     </span>
     <span class='ocr_line' id='line_1_34' title="bbox 76 3054 1068 3129; baseline 0.003 -18"><span class='ocrx_word' id='word_1_257' title='bbox 76 3054 305 3120; x_wconf 69' lang='lat' dir='ltr'><strong>restituerentur.</strong></span> <span class='ocrx_word' id='word_1_258' title='bbox 333 3058 448 3119; x_wconf 79' lang='lat' dir='ltr'><strong>leuaies</strong></span> <span class='ocrx_word' id='word_1_259' title='bbox 462 3061 600 3129; x_wconf 87' lang='lat' dir='ltr'><strong>Romam,</strong></span> <span class='ocrx_word' id='word_1_260' title='bbox 620 3066 654 3120; x_wconf 93' lang='lat' dir='ltr'><strong>ut</strong></span> <span class='ocrx_word' id='word_1_261' title='bbox 668 3062 860 3126; x_wconf 88' lang='lat' dir='ltr'><strong>censuerunt,</strong></span> <span class='ocrx_word' id='word_1_262' title='bbox 888 3056 971 3116; x_wconf 90' lang='lat' dir='ltr'><strong>missi</strong></span> <span class='ocrx_word' id='word_1_263' title='bbox 995 3061 1026 3116; x_wconf 91' lang='lat' dir='ltr'><strong>et</strong></span> <span class='ocrx_word' id='word_1_264' title='bbox 1036 3063 1068 3114; x_wconf 84' lang='grc'><strong>14</strong></span> 
     </span>
     <span class='ocr_line' id='line_1_35' title="bbox 77 3139 1026 3223; baseline 0.016 -39"><span class='ocrx_word' id='word_1_265' title='bbox 77 3143 176 3212; x_wconf 90' lang='lat' dir='ltr'><strong>corpus</strong></span> <span class='ocrx_word' id='word_1_266' title='bbox 188 3141 306 3204; x_wconf 84' lang='lat' dir='ltr'><strong>Brutuli</strong></span> <span class='ocrx_word' id='word_1_267' title='bbox 321 3144 470 3203; x_wconf 85' lang='lat' dir='ltr'><strong>exanime:</strong></span> <span class='ocrx_word' id='word_1_268' title='bbox 488 3146 551 3223; x_wconf 88' lang='lat' dir='ltr'><strong>ipse</strong></span> <span class='ocrx_word' id='word_1_269' title='bbox 565 3150 661 3204; x_wconf 88' lang='lat' dir='ltr'><strong>morte</strong></span> <span class='ocrx_word' id='word_1_270' title='bbox 674 3140 836 3203; x_wconf 81' lang='lat' dir='ltr'><strong>voluntaria</strong></span> <span class='ocrx_word' id='word_1_271' title='bbox 848 3139 1026 3218; x_wconf 88' lang='lat' dir='ltr'><strong>ignominiae</strong></span> 
     </span>
     <span class='ocr_line' id='line_1_36' title="bbox 76 3222 1068 3308; baseline 0.001 -26"><span class='ocrx_word' id='word_1_272' title='bbox 76 3224 104 3308; x_wconf 63' lang='lat'><strong>⁸?</strong></span> <span class='ocrx_word' id='word_1_273' title='bbox 115 3233 147 3278; x_wconf 71' lang='lat' dir='ltr'><strong>ac</strong></span> <span class='ocrx_word' id='word_1_274' title='bbox 156 3226 300 3307; x_wconf 88' lang='lat' dir='ltr'><strong>supplicio</strong></span> <span class='ocrx_word' id='word_1_275' title='bbox 311 3224 463 3287; x_wconf 85' lang='lat' dir='ltr'><strong>subtraxit.</strong></span> <span class='ocrx_word' id='word_1_276' title='bbox 486 3224 596 3304; x_wconf 88' lang='lat' dir='ltr'><strong>placuit</strong></span> <span class='ocrx_word' id='word_1_277' title='bbox 604 3244 671 3286; x_wconf 93' lang='lat' dir='ltr'><strong>cum</strong></span> <span class='ocrx_word' id='word_1_278' title='bbox 683 3241 808 3304; x_wconf 87' lang='lat' dir='ltr'><strong>corpore</strong></span> <span class='ocrx_word' id='word_1_279' title='bbox 819 3222 898 3284; x_wconf 92' lang='lat' dir='ltr'><strong>bona</strong></span> <span class='ocrx_word' id='word_1_280' title='bbox 908 3240 1024 3303; x_wconf 88' lang='lat' dir='ltr'><strong>quoque</strong></span> <span class='ocrx_word' id='word_1_281' title='bbox 1036 3231 1068 3284; x_wconf 75' lang='lat' dir='ltr'><strong>lb</strong></span> 
     </span>
     <span class='ocr_line' id='line_1_37' title="bbox 77 3304 1026 3387; baseline 0.016 -34"><span class='ocrx_word' id='word_1_282' title='bbox 77 3309 133 3358; x_wconf 84' lang='lat' dir='ltr'><strong>erus</strong></span> <span class='ocrx_word' id='word_1_283' title='bbox 148 3304 225 3371; x_wconf 89' lang='lat' dir='ltr'><strong>dedi.</strong></span> <span class='ocrx_word' id='word_1_284' title='bbox 241 3308 314 3373; x_wconf 92' lang='lat' dir='ltr'><strong>nihil</strong></span> <span class='ocrx_word' id='word_1_285' title='bbox 329 3316 428 3371; x_wconf 91' lang='lat' dir='ltr'><strong>tamen</strong></span> <span class='ocrx_word' id='word_1_286' title='bbox 445 3326 545 3370; x_wconf 85' lang='lat' dir='ltr'><strong>earum</strong></span> <span class='ocrx_word' id='word_1_287' title='bbox 565 3326 666 3370; x_wconf 86' lang='lat' dir='ltr'><strong>rarum</strong></span> <span class='ocrx_word' id='word_1_288' title='bbox 679 3313 798 3387; x_wconf 86' lang='lat' dir='ltr'><strong>praeter</strong></span> <span class='ocrx_word' id='word_1_289' title='bbox 812 3308 941 3385; x_wconf 87' lang='lat' dir='ltr'><strong>captivos</strong></span> <span class='ocrx_word' id='word_1_290' title='bbox 952 3323 986 3367; x_wconf 93' lang='lat' dir='ltr'><strong>ac</strong></span> <span class='ocrx_word' id='word_1_291' title='bbox 1001 3309 1026 3368; x_wconf 89' lang='lat' dir='ltr'><strong>si</strong></span> 
     </span>
     <span class='ocr_line' id='line_1_38' title="bbox 78 3392 1025 3473; baseline -0.001 -18"><span class='ocrx_word' id='word_1_292' title='bbox 78 3392 130 3455; x_wconf 88' lang='lat' dir='ltr'><strong>qua</strong></span> <span class='ocrx_word' id='word_1_293' title='bbox 140 3396 254 3469; x_wconf 78' lang='lat' dir='ltr'><strong>cognita</strong></span> <span class='ocrx_word' id='word_1_294' title='bbox 264 3412 301 3455; x_wconf 85' lang='lat' dir='ltr'><strong>ex</strong></span> <span class='ocrx_word' id='word_1_295' title='bbox 311 3392 421 3473; x_wconf 92' lang='lat' dir='ltr'><strong>praeda</strong></span> <span class='ocrx_word' id='word_1_296' title='bbox 435 3399 503 3454; x_wconf 92' lang='lat' dir='ltr'><strong>sunt</strong></span> <span class='ocrx_word' id='word_1_297' title='bbox 514 3398 666 3472; x_wconf 90' lang='lat' dir='ltr'><strong>acceptum</strong></span> <span class='ocrx_word' id='word_1_298' title='bbox 678 3397 736 3459; x_wconf 79' lang='lat' dir='ltr'><strong>ast:</strong></span> <span class='ocrx_word' id='word_1_299' title='bbox 748 3397 914 3452; x_wconf 88' lang='lat' dir='ltr'><strong>ceterarum</strong></span> <span class='ocrx_word' id='word_1_300' title='bbox 924 3408 1025 3454; x_wconf 86' lang='lat' dir='ltr'><strong>rerum</strong></span> 
     </span>
     <span class='ocr_line' id='line_1_39' title="bbox 78 3456 1023 3556; baseline 0.015 -37"><span class='ocrx_word' id='word_1_301' title='bbox 78 3456 159 3530; x_wconf 89' lang='lat' dir='ltr'><strong>inrita</strong></span> <span class='ocrx_word' id='word_1_302' title='bbox 170 3474 225 3537; x_wconf 89' lang='lat' dir='ltr'><strong>iuit</strong></span> <span class='ocrx_word' id='word_1_303' title='bbox 237 3477 355 3540; x_wconf 89' lang='lat' dir='ltr'><strong>deditio.</strong></span> <span class='ocrx_word' id='word_1_304' title='bbox 373 3477 497 3538; x_wconf 91' lang='lat' dir='ltr'><strong>dictator</strong></span> <span class='ocrx_word' id='word_1_305' title='bbox 511 3495 547 3538; x_wconf 85' lang='lat' dir='ltr'><strong>ax</strong></span> <span class='ocrx_word' id='word_1_306' title='bbox 556 3481 674 3538; x_wconf 87' lang='lat' dir='ltr'><strong>senatus</strong></span> <span class='ocrx_word' id='word_1_307' title='bbox 686 3472 1023 3556; x_wconf 79' lang='lat' dir='ltr'><strong>consuitotriumpbavit.</strong></span> 
     </span>
    </p>
   </div>
   <div class='ocr_carea' id='block_1_3' title="bbox 0 0 1292 4067">
    <p class='ocr_par' dir='ltr' id='par_1_4' title="bbox 0 0 1292 4067">
     <span class='ocr_line' id='line_1_40' title="bbox 0 0 1292 4067; baseline 0 0"><span class='ocrx_word' id='word_1_308' title='bbox 0 0 1292 4067; x_wconf 95' lang='lat' dir='ltr'><strong> </strong></span> 
     </span>
    </p>
   </div>
  </div>
 </body>
</html>
