2575 4067
268 275 362 317 brena
376 274 439 317 xxi.
457 275 525 317 err.
540 261 584 311 ab.
600 263 643 314 47.
661 258 701 334 [e.
718 258 753 317 O.
767 255 830 335 218]
964 261 1025 322 24³

68 424 166 484 oriens
180 420 274 501 pulvis
288 421 405 498 signum
420 422 680 500 propinquantium
695 421 822 481 hostium
839 420 902 483 luit.
929 423 1025 485 consi·

67 508 118 567 stit
138 515 295 583 utrumque
315 521 421 582 agmen
447 512 476 565 et
504 504 541 565 ad
565 504 711 584 proelium
731 521 796 564 sese
822 505 1023 584 expediebant.

68 591 167 668 Scipio
183 587 358 649 taenatores
375 594 405 647 et
416 585 515 648 Gallos
530 589 642 667 equites
657 588 689 648 in
705 586 802 648 fronte
813 586 903 658 locat,
919 589 1053 650 Roma-t

67 690 122 735 nes
137 673 344 751 sociorumque
359 670 438 750 quod
452 669 568 732 roboris
589 671 644 732 luit
660 672 691 731 ln
708 669 860 739 subsidiis;
880 670 1026 732 Hannibal

67 758 198 818 frenatos
210 756 323 836 equites
333 756 365 814 in
376 754 506 815 medium
517 755 636 834 accipit,
654 771 764 815 cornua
775 753 908 815 NumidIs
919 755 1025 815 mmet.

66 839 185 902 vixdum
198 838 327 905 clamore
340 837 454 899 sublato
465 838 639 899 iaculatores
650 838 791 916 lugerent
803 839 882 899 inter
896 837 1025 899 subsidia
1037 847 1053 897 t

68 925 105 986 ed
117 922 277 984 secundam
288 922 391 982 aciem.
420 921 488 982 inde
506 922 637 1001 equitum
648 930 798 983 certamen
812 929 875 982 erat
886 920 1026 1002 aliquam-

66 1008 116 1068 diu
130 1023 246 1084 aneeps.
273 1005 356 1074 dein,
375 1006 442 1085 quia
455 1003 614 1067 turbabant
624 1023 715 1085 equos
729 1004 843 1085 pedites
852 1008 1024 1076 intermixti,

65 1089 167 1153 multis
173 1087 338 1150 labentibus
351 1106 387 1149 ex
398 1089 481 1168 equis
495 1096 545 1150 aut
560 1087 769 1159 desilientibus,
785 1088 836 1149 ubi
845 1107 914 1151 suos
928 1091 1026 1169 premi

67 1176 283 1234 circumventos
306 1171 461 1243 vidissent,
488 1173 546 1233 iam
571 1190 735 1271 magnaex
759 1180 852 1270 parte·
874 1173 911 1234 ad
935 1173 1026 1256 pedes

65 1255 1053 1420 {illivitiiiaitiliiiiii}trattatitiitlil:⁷

65 1423 312 1493 ealleltomanos,
337 1424 475 1504 auxitque
489 1441 628 1503 pavorem
644 1421 773 1485 consulis
784 1423 889 1485 vulnus
907 1425 1024 1502 perieu-

64 1507 187 1587 lumque
197 1508 366 1568 intercursu
380 1514 442 1568 tum
458 1508 587 1587 primum
597 1505 787 1586 pubescean
805 1506 856 1568 iiiii
871 1508 1025 1588 propulsa·

64 1601 139 1654 tum.
171 1591 219 1652 bie
233 1593 290 1651 erit
308 1591 436 1661 lurenb,
460 1608 551 1669 penes
567 1609 656 1671 quem
678 1589 803 1670 perlecti
819 1590 942 1652 huiusce
955 1591 1053 1654 beilit

65 1675 131 1737 iaus
147 1681 205 1743 est,
224 1674 379 1736 Africanus
402 1673 441 1735 ob
463 1675 610 1753 egregiam
630 1674 783 1736 victoriam
804 1673 840 1735 ‹le
863 1674 1025 1737 Hannibale

66 1758 234 1836 Poenisque
244 1756 416 1838 appellatus.
450 1758 517 1835 luga
535 1767 632 1819 tamen
648 1758 739 1819 effusa
755 1757 947 1821 iaculatorum
963 1767 1052 1821 mat

66 1857 157 1903 xume
172 1841 239 1911 luit,
256 1857 329 1920 quos
339 1842 451 1921 primes
466 1840 609 1905 Numidae
619 1842 804 1910 invaserunt;
822 1842 895 1904 alius
907 1844 1023 1904 conier-

63 1934 113 1986 tns
135 1925 279 2004 equitatus
299 1923 451 1985 consulem
477 1925 509 1984 ln
530 1923 659 1985 medium
681 1932 833 2003 acceptum
854 1942 914 1986 non
936 1928 1024 1988 arnns

64 2008 169 2078 modo,
188 2008 340 2069 sedetiam
356 2005 530 2086 corporibus
547 2006 608 2066 suis
624 2012 784 2085 protegens
798 2008 829 2067 in
844 2015 939 2070 eastra
955 2028 1024 2070 nus·

64 2109 153 2172 mam
168 2090 285 2170 trepide
300 2108 397 2170 neque
412 2090 502 2151 eliuse
518 2089 649 2150 cedendo
669 2088 796 2151 reduxit.
831 2092 938 2152 servati
950 2110 1022 2154 eon·
1036 2100 1067 2151 te

64 2175 136 2237 sulis
151 2175 242 2236 decus
259 2172 375 2236 Coelius
397 2172 433 2235 ad
453 2191 571 2234 servum
592 2174 711 2234 nabore
733 2173 872 2251 Ligurem
892 2173 1023 2252 delegem

63 2257 164 2321 malim
195 2257 331 2336 equidem
363 2258 400 2318 de
432 2255 491 2317 filio
517 2274 619 2319 verum
652 2274 730 2327 esse,
764 2256 841 2336 qued
870 2266 900 2317 et
923 2255 1023 2335 plures

63 2341 213 2404 tradidere
227 2350 363 2402 auctores
379 2348 409 2401 et
429 2339 507 2401 lama
522 2338 657 2401 obtinuit.
855 2380 858 2385 -

126 2425 237 2486 XLVII.
269 2425 333 2486 Hoc
352 2425 483 2504 primum
505 2442 572 2485 cum
597 2422 763 2484 Hannibale
786 2422 932 2503 proelium
961 2424 1049 2496 initi

63 2528 123 2590 quo
137 2508 223 2569 lacile
244 2509 381 2589 apparuit
401 2506 460 2590 [et]
483 2509 614 2589 equitatu
635 2507 790 2568 meliorem
803 2507 935 2569 Poenum
960 2525 1024 2569 esse

64 2602 93 2655 et
111 2592 150 2654 ob
165 2592 195 2653 id
213 2609 332 2672 campos
346 2594 487 2671 patentis,
504 2590 605 2671 quales
620 2599 689 2652 sunt
703 2592 780 2652 inter
794 2591 905 2653 Padum
920 2592 1021 2672 Alpes·

64 2695 137 2756 que,
164 2675 243 2737 belle
275 2677 405 2754 gerendo
434 2676 574 2738 Romanis
605 2684 689 2756 aptos
719 2693 780 2737 non
811 2694 885 2737 esse.
925 2676 1050 2756 itaquer

64 2761 200 2838 proxima
211 2767 299 2819 nocte
311 2762 398 2822 iussis
409 2759 550 2821 militibus
561 2778 628 2822 rasa
639 2759 755 2821 silentio
767 2759 917 2839 conligere
928 2769 1022 2822 eastra

64 2842 101 2903 ab
118 2842 221 2901 Ticino
238 2849 332 2912 mota,
353 2843 579 2923 festinatumque
595 2843 632 2905 ad
649 2844 761 2905 Padum
777 2852 834 2913 est,
848 2851 882 2903 ut
901 2843 1021 2912 ratibus,

63 2923 172 3002 quibus
190 2924 326 2984 iunxerat
351 2925 476 2996 numen,
500 2927 632 2988 nondum
652 2925 790 2986 resolutis
810 2927 874 2987 sine
897 2923 1022 2985 tumulto

62 3013 152 3085 atque
169 3004 361 3067 insectatione
383 3007 475 3068 hostis
495 3013 594 3089 copias
616 3010 764 3070 traiceret.
803 3010 887 3087 prius
902 3006 1050 3068 Placent

63 3091 135 3151 tiam
149 3105 327 3169 pervenere,
344 3107 432 3170 quam
444 3092 513 3151 setis
526 3095 615 3153 selret
625 3090 770 3154 Hannibal
787 3090 823 3151 ab
836 3091 938 3151 Ticino
951 3106 1020 3168 pro·

64 3174 171 3236 lectos:
195 3179 294 3232 tamen
313 3172 351 3234 ad
372 3179 525 3234 sexcentos
544 3184 726 3236 moratorum
745 3176 777 3234 in
802 3173 938 3234 citeriore
958 3175 1022 3252 ripa

64 3256 135 3319 Padi
150 3261 280 3335 segniter
295 3264 389 3318 ratem
404 3255 549 3318 solventes
567 3259 654 3337 cepit.
686 3259 812 3318 transire
826 3265 946 3337 pontem
961 3275 1021 3317 nen

63 3343 173 3419 potuit,
197 3351 230 3401 ut
251 3348 383 3404 extrema
404 3339 532 3402 resoluta
556 3350 641 3402 erant
655 3349 715 3402 tota
731 3350 795 3402 rate
816 3343 847 3403 in
863 3340 1021 3402 secundam

63 3439 169 3504 aquom
184 3423 311 3487 labente.
343 3424 458 3488 Coelius
472 3433 574 3486 auctor
585 3433 630 3486 est
642 3425 799 3504 Magonem
812 3444 880 3487 cum
892 3426 1046 3506 equitatus

61 3514 92 3566 et
109 3508 245 3588 Hispanis
260 3509 408 3588 peditibus
429 3507 539 3570 liumen
560 3509 707 3589 extemplo
721 3518 901 3579 transnasse.
924 3511 1019 3590 ipsum

749 3595 813 3660 16*
