2575 4067
281 270 375 316 umen
389 272 458 317 vm.
472 273 540 316 osu.
557 260 599 314 ie.
616 251 656 335 [s.
670 254 705 318 0.
719 259 781 316 339.
792 252 854 336 338]
1004 258 1046 324 63

82 438 189 484 nunus
216 438 334 484 musam
354 418 426 482 belli
449 419 572 482 heberet
591 427 635 492 et,
656 422 681 482 si
702 422 784 483 ouius
805 423 905 503 oppidi
929 422 1045 486 obsidio

81 507 217 568 nuntiata
232 513 325 576 esset,
347 503 478 585 undique
495 521 532 566 ex
552 503 690 566 omnihus
705 503 822 585 populis
838 505 976 570 auxilium
991 508 1044 571 ob·

79 591 166 651 sessis
182 589 324 651 ferretur.
354 606 451 669 neque
467 595 566 650 umen
589 590 647 650 nid
660 588 819 651 admodum
839 594 973 670 epeuois
991 604 1070 674 poi

77 674 154 753 pulis
164 672 281 735 Pedoni
294 672 386 734 udtuti
396 680 475 736 sunt
499 670 637 734 Tiburtes
649 672 905 754 Praenestinique,
917 693 1042 756 quorum

76 774 145 837 eger
168 757 297 836 propior
318 765 395 828 oret,
418 755 531 818 Pedum
550 773 728 837 pontonem
760 757 895 820 meinos
918 759 1071 822 Lanuvi-o

75 838 1071 1005 inuisiiiiiitiiiiiiifflttiiiiit‘0

74 1007 179 1071 miliens
198 1007 234 1068 ud
248 1007 361 1070 Pedum
376 1025 444 1071 oum
461 1007 633 1070 Tiiuuius
653 1010 781 1072 muninus
800 1008 896 1072 uelido
912 1012 1042 1074 exercitu

73 1095 193 1154 meioue
210 1090 303 1163 mole,
324 1109 501 1173 miemqmm
517 1109 610 1173 eoque
626 1110 772 1174 prospero
793 1102 899 1156 eventu
919 1104 1041 1174 pugnet

72 1175 240 1239 umultum
257 1178 384 1239 maxime
400 1178 555 1258 repentine
569 1178 649 1238 inter
663 1177 809 1257 proelium·
826 1179 942 1258 eruptio
958 1181 1069 1260 oppii

74 1260 226 1323 denorum
242 1259 326 1330 ieoit;
342 1262 374 1321 in
388 1279 461 1341 quos
476 1268 560 1342 perte
577 1262 724 1323 exereitus
744 1279 885 1323 souuerse
903 1262 1041 1326 Camillus

73 1361 136 1499 iii,
163 1342 1041 1511 mittuntuiiiiizuiiiiiiii

73 1512 167 1574 soeiie
191 1511 278 1591 oepit
312 1510 423 1592 placuit
447 1512 516 1574 inde
540 1514 598 1574 iem
622 1515 734 1576 meiere
757 1521 863 1576 conatu
884 1516 1068 1595 animoquee

73 1596 109 1656 ab
137 1596 232 1657 unius
259 1597 473 1676 expugnatione
498 1596 582 1658 urbis
606 1596 644 1658 ed
669 1597 904 1677 perdomandum
924 1599 1038 1661 Latium

74 1682 223 1742 ueterem
243 1680 465 1742 oiroumduoere
486 1681 658 1743 exercitum.
698 1699 754 1744 nee
778 1684 930 1763 quievere,
957 1692 1038 1746 ente·

74 1782 170 1910 iiii
185 1764 1067 1932 ‘iiii'iiiiiiiiiiisiiiiiitiiii:t

75 1944 130 2011 pen
171 1939 293 2011 receptu
323 1931 431 2013 oppida
459 1931 581 1994 Romam
624 1933 662 1995 ed
699 1934 876 1996 destinatum
906 1937 1038 1997 omnium

9 2031 10 2034 ’
75 2032 227 2077 consensu
242 2016 423 2096 triumphum
439 2015 602 2078 decessero.
631 2016 745 2079 additus
764 2018 914 2098 triumpho
934 2018 1037 2088 honos,

74 2108 108 2162 ut
129 2107 246 2162 statute
264 2105 415 2179 equestres
430 2101 487 2170 eis,
509 2117 577 2161 rere
591 2098 640 2161 iile
655 2108 749 2163 eetete
763 2118 828 2170 res,
847 2102 879 2163 in
899 2102 965 2164 foro
986 2121 1038 2181 po·

24 2197 27 2206 ¹
75 2191 232 2245 neeentur.

140 2267 316 2347 Priusquam
337 2267 465 2328 comitiis
487 2266 518 2326 in
544 2266 747 2346 insequentem
768 2283 877 2328 sunum
901 2265 1037 2328 eonsules
1050 2274 1081 2327 to

76 2358 235 2430 rogarent,
253 2349 392 2411 Camillus
406 2348 444 2410 de
458 2349 569 2412 Latinis
583 2348 700 2431 populis
713 2349 750 2411 ed
765 2357 899 2412 sonetum
916 2348 1037 2419 rettulit,

76 2443 174 2515 etque,
184 2435 225 2495 itu
238 2433 391 2495 dissonuit
416 2440 541 2514 „nouos
555 2435 728 2515 eonecripti,
745 2434 824 2515 quod
838 2432 917 2495 bello
933 2435 1037 2495 ermis-
1047 2441 1078 2494 li

77 2537 137 2599 que
157 2518 191 2578 in
204 2518 289 2580 Latio
307 2515 453 2597 egendum
476 2516 544 2587 iuit.
567 2518 598 2580 id
615 2520 673 2581 iem
693 2518 782 2581 deum
804 2517 985 2598 benignitate
1003 2537 1038 2580 ao

77 2605 187 2664 virtute
201 2601 327 2664 miiitum
340 2600 378 2663 ud
391 2601 480 2663 finem
495 2604 583 2664 venit.
613 2604 691 2664 oeesi
710 2602 747 2665 ed
757 2603 870 2665 Pedum
884 2604 1034 2666 isturam-
1049 2610 1081 2662 12

77 2704 137 2766 que
158 2693 228 2747 sunt
246 2686 393 2747 exereitus
405 2684 547 2756 hostium,
571 2686 678 2767 oppidu
693 2687 795 2749 Latine
816 2688 915 2750 omniu
936 2696 965 2749 et
978 2691 1037 2751 in·

77 2772 152 2832 tium
165 2788 201 2830 ox
211 2768 323 2832 Voieoie
335 2770 421 2840 eutvi
433 2777 517 2849 nepte
530 2778 580 2832 eut
590 2780 709 2854 recepte
719 2773 750 2832 in
761 2772 940 2834 deditionem
951 2790 1036 2851 pruo-

79 2854 161 2915 sidiis
186 2859 325 2914 tenentur
346 2855 460 2915 vostris
495 2853 610 2933 reliqua
624 2854 798 2917 consultatio
819 2864 877 2924 est.
896 2857 1034 2935 queniam
1047 2862 1079 2914 ia

79 2936 252 2998 rebellando
268 2939 384 3017 saepius
394 2954 450 2997 nos
463 2936 634 3008 sollicitent,
650 2954 778 3015 quonum
792 2937 880 2999 modo
895 2945 1038 3016 perpetua

78 3039 152 3101 paee
174 3022 290 3101 quietos
308 3021 502 3083 obtineamus
533 3021 564 3083 di
581 3019 754 3082 inmortales
772 3021 812 3081 its
831 3037 882 3079 vos
900 3026 1035 3096 potentes
1046 3027 1079 3077 14

80 3105 167 3167 huius
183 3104 297 3166 consilii
311 3105 460 3176 iecerunt,
477 3113 525 3176 ut,
542 3106 581 3166 eit
593 3104 709 3166 Lutium
724 3104 843 3174 deinde,
863 3120 900 3163 eu
915 3104 1036 3173 nonsit,

79 3191 110 3250 in
126 3197 225 3250 vestre
244 3206 334 3252 manu
351 3190 513 3268 posuerint
542 3189 640 3268 itaquo
659 3206 764 3266 penem
786 3186 883 3257 vobis,
906 3185 985 3265 quod
1000 3190 1037 3247 eti

79 3273 200 3334 Leunos
220 3274 337 3344 attinet,
366 3289 474 3354 perere
497 3274 726 3351 inperpetuum
746 3270 791 3331 vel
813 3269 969 3331 saeviendo
990 3269 1036 3330 vei

79 3357 261 3435 ignoscendo
272 3359 404 3438 potestis.
434 3353 520 3416 vuius
530 3350 690 3415 crudeliter
705 3353 859 3415 consulere
875 3354 907 3415 in
924 3351 1037 3415 deditos

80 3441 246 3520 vietusque:
276 3441 345 3503 lieet
361 3439 462 3502 delere
482 3456 570 3500 omne
585 3438 713 3509 Latium,
735 3446 829 3499 vestes
843 3436 912 3500 inuio
933 3437 1034 3500 solitu·
1046 3445 1077 3497 lo

81 3524 165 3586 dines
180 3525 294 3594 iuuene,
306 3525 385 3587 uude
401 3523 502 3587 sociali
513 3524 631 3603 egregio
646 3524 776 3584 exercitu
792 3521 947 3602 permulta
961 3522 1037 3585 belle
