2575 4067
293 238 387 282 amm
400 240 431 285 x
447 238 516 283 car.
530 226 557 282 t.
573 226 616 283 to.
632 220 672 300 [m
687 218 723 282 0.
738 225 799 280 too.
813 216 875 300 m]
1000 225 1062 290 157

96 389 217 459 uariae,
241 388 252 447 l
358 394 510 448 auctorem
529 384 620 447 iulsse
633 384 732 447 blacer
744 384 874 449 blcinlus
893 404 928 449 ae
948 385 1067 451 'lubere

97 472 229 534 tradunt
264 471 270 485 '
294 469 398 531 crendl
413 467 470 531 sibi
481 468 649 531 consulatue
664 469 696 530 lu
712 465 927 532 bellicosiorem
939 488 1066 535 aunum:

97 575 135 617 eo
158 572 243 616 anno
264 553 371 615 maiori
390 570 424 614 se
442 553 510 614 usuri
531 554 576 613 rei
600 550 737 633 publicae
763 550 829 613 lore
849 551 962 616 urbano
982 562 1064 633 pasto
1076 561 1105 616 11

96 640 290 717 magistratu.
321 637 361 697 ita
381 653 437 698 nec
458 634 706 706 dissimulantem,
728 634 799 714 prid
813 634 926 706 mallet,
946 653 1002 698 nec
1015 657 1067 718 pe·

95 731 217 783 tentem
240 728 340 782 tamen
363 717 488 780 reddam
509 717 643 781 curulem
664 717 781 781 cumb.
801 718 919 800 Paplrlo
940 719 1068 784 Cursore

95 804 227 866 iactum.
271 803 303 864 id
325 820 362 863 ne
387 819 444 883 pro
465 810 547 864 certe
564 819 722 882 ponerem,
751 803 892 865 remetior
915 801 1064 866 annalium
1076 812 1109 865 12

94 897 209 949 auctor
232 887 300 948 Piso
321 885 431 957 eliecit,
459 886 510 965 ptri
536 903 572 948 eo
600 902 679 947 anno
707 884 817 948 aedllee
835 885 951 949 curules
978 887 1067 950 luisse

95 971 195 1032 tradit
222 970 276 1033 (ln.
303 969 462 1031 Domitium
482 969 535 1032 Cn.
562 969 583 1031 i.
606 967 758 1032 Calrlrmm
784 977 813 1032 et
836 970 886 1051 Sp.
909 969 1066 1034 (ὶπνΙΙΙυω

96 1054 134 1125 Q.
151 1053 176 1115 f.
191 1053 362 1116 Maximum.
392 1051 423 1113 id
439 1052 530 1114 credo
545 1069 709 1132 cognomen
730 1070 863 1116 errorem
876 1055 908 1116 ln
921 1052 1064 1116 aedilibm
1076 1066 1109 1116 ta

94 1137 229 1206 iecisse,
251 1143 441 1216 secutamque
455 1134 585 1199 fabulam
605 1138 727 1198 mistam
743 1154 779 1199 ex
794 1136 936 1200 aediliciis
950 1145 981 1199 et
996 1154 1066 1200 con·

95 1220 254 1282 molaribus
265 1220 619 1282 comitlisconvenientem
631 1222 737 1282 errori.
763 1219 928 1283 etlustrum
939 1238 974 1282 eo
985 1237 1063 1282 anno
1077 1228 1109 1280 tt

96 1304 259 1365 conditum
274 1320 291 1363 a
305 1302 339 1363 P.
354 1302 530 1383 Sempronio
544 1303 644 1383 Sopho
661 1311 691 1364 et
704 1303 737 1365 P.
751 1303 881 1383 Sulpicio
892 1303 1067 1366 Savemione

96 1385 295 1457 censoribus,
320 1384 474 1465 tribuoque
499 1386 615 1448 additae
641 1387 730 1448 duae:
759 1388 895 1449 lulensls
918 1405 954 1449 ac
974 1387 1066 1450 'lere-

96 1472 176 1533 tina.
205 1470 280 1530 baec
293 1469 405 1530 Romae
420 1477 511 1547 gesta.

167 1553 205 1615 Χ.
238 1552 377 1614 Ceterum
397 1552 434 1613 ad
451 1552 617 1634 Neptunum
637 1554 778 1635 oppidum
792 1572 860 1617 cum
883 1555 967 1634 segni
987 1553 1091 1617 obsi-1

99 1637 196 1699 dione
208 1644 324 1717 tempus
341 1643 502 1708 tereretur,
526 1637 585 1700 duo
600 1656 636 1699 ex
651 1639 819 1719 oppidanls,
840 1656 967 1721 quorum
982 1646 1067 1701 eraut

98 1720 237 1783 aedilicia
261 1722 361 1781 iuncta
375 1738 477 1793 muro,
497 1738 588 1801 specu
610 1721 688 1785 iacto
709 1723 746 1784 ad
766 1723 906 1786 maome
919 1722 1067 1786 Romanas

97 1806 213 1866 itinere
221 1802 338 1865 occulto
352 1806 543 1884 perveniunt;
556 1806 627 1868 inde
639 1805 675 1866 ad
688 1805 837 1869 comtrlem
847 1806 966 1870 deducti
980 1813 1094 1888 prae-2

98 1888 213 1949 sidium
228 1895 374 1949 armatum
388 1906 421 1949 se
436 1889 516 1950 iutra
531 1890 648 1950 moenia
659 1898 688 1951 et
701 1908 802 1951 mmos
811 1899 984 1971 accepturos
994 1907 1065 1952 con·

98 1973 234 2032 firmant
264 1989 320 2032 uec
331 1971 516 2051 aspernanda
530 1989 579 2033 res
591 1974 652 2032 visa
667 1990 763 2052 neque
779 1973 895 2033 incaute
907 1972 1065 2035 credenda.
1077 1979 1094 2032 t

99 2072 172 2116 cunt
194 2053 288 2116 altero
315 2072 418 2116 eorum
443 2088 483 2100 -
510 2072 577 2115 uam
599 2053 674 2115 alter
693 2054 779 2116 obses
801 2060 933 2116 retentus
949 2089 991 2102 -
1007 2056 1065 2118 duo

99 2136 307 2217 exploratores
320 2156 375 2217 per
389 2135 559 2199 cuniculum
573 2137 670 2206 missl;
686 2154 741 2216 per
753 2153 827 2216 quos
841 2137 912 2199 satis
925 2147 1094 2216 coopertae

99 2238 138 2282 re
155 2222 282 2281 trecenti
297 2222 403 2283 armati
417 2221 569 2298 transfuga
583 2218 658 2281 duce
672 2220 703 2280 in
718 2218 823 2281 turbem
837 2218 964 2296 ingressi
978 2227 1065 2281 nocte

99 2312 236 2385 portam,
252 2322 327 2384 quae
341 2304 477 2383 proxlme
492 2310 568 2374 erat,
589 2320 707 2382 cepere.
745 2319 801 2382 qua
823 2301 951 2362 refracta
964 2301 1065 2364 consul

101 2388 312 2467 exercitusque
322 2388 472 2449 Romanus
484 2389 548 2448 sine
560 2388 722 2448 certamine
732 2384 837 2447 urbem
852 2385 995 2447 invasere.
1024 2389 1092 2448 itai

102 2470 275 2551 Nequinum
295 2472 326 2531 iu
342 2470 490 2532 dicionem
509 2468 611 2551 populi
628 2470 754 2533 Romani
770 2471 859 2532 vertit.
891 2469 1005 2531 colonia
1028 2488 1064 2532 eo

102 2554 247 2617 adversus
261 2554 389 2616 Umbros
402 2556 491 2615 missa
506 2572 523 2616 a
538 2555 661 2618 llumine
675 2555 785 2618 Narnia
801 2553 959 2636 appellata:
982 2573 1065 2619 exer·

100 2639 181 2701 citus
200 2656 268 2699 cum
282 2654 389 2717 magna
406 2638 517 2716 praeda
530 2639 653 2702 Romam
669 2639 818 2702 reductus.

168 2720 281 2782 Eodem
302 2738 379 2782 auno
401 2719 438 2785 ab
464 2721 594 2784 Etruscis
615 2724 754 2786 adsersus
776 2722 904 2787 indutias
927 2730 1090 2806 paratumo

102 2803 226 2866 bellum.
258 2803 310 2866 sed
327 2823 378 2866 eos
396 2803 453 2865 alia
470 2804 617 2868 molientis
631 2808 782 2869 Gallorum
797 2809 902 2886 ingens¹
918 2810 1065 2869 exercitus

102 2890 180 2950 fines
205 2888 357 2967 ingressus
380 2887 529 2968 paulisper
553 2907 569 2950 a
594 2891 745 2969 proposito
769 2892 881 2951 evenit.
939 2888 1089 2966 pecuniat

104 2971 228 3043 deinde,
336 2970 461 3034 multum
482 2980 633 3052 poterant,
660 2971 728 3032 ireti
753 2971 849 3031 socios
872 2988 907 3031 ax
931 2968 1064 3031 hostibus

102 3055 204 3116 lacera
219 3055 244 3117 G
284 3072 318 3116 os
334 3061 493 3128 conantur,
512 3063 546 3117 ut
564 3075 600 3118 eo
620 3054 758 3116 adluncto
774 3053 905 3114 exercitu
925 3069 992 3113 cum
1005 3050 1063 3114 lio·

103 3139 202 3199 manis
223 3137 377 3201 bellarent
414 3137 450 3199 de
475 3140 614 3201 societate
627 3138 706 3201 baud
722 3136 855 3200 abnuunt
869 3135 1004 3206 barbari;
1028 3134 1093 3197 det

104 3220 246 3283 mercede
258 3224 364 3300 agitur.
393 3239 451 3300 qua
463 3229 549 3300 pacta
565 3230 743 3302 acceptaque
762 3239 830 3282 cum
849 3226 952 3300 parata
966 3226 1064 3280 cetera

44 3366 46 3368 ,
105 3304 144 3365 ad
163 3302 274 3367 bellum
290 3313 390 3369 esseut
403 3304 544 3385 sequique
561 3305 702 3367 Etruscus
721 3302 851 3374 iuberet,
870 3302 979 3365 infitias
994 3309 1065 3365 eunt

105 3388 276 3450 mercedem
299 3410 332 3453 sa
353 3387 424 3452 belli
438 3387 579 3450 Romanis
597 3387 746 3449 inferendi
766 3393 884 3467 pactos:
922 3385 1091 3469 muidquldt

106 3474 288 3552 acceperint,
310 3474 474 3552 accepisse,
494 3490 533 3535 ue
554 3488 658 3553 agruim
675 3471 830 3535 Etruscum
848 3479 996 3536 aestuem
1014 3490 1063 3535 ar·
