2575 4067
243 299 246 302 ,
261 234 322 295 348
454 246 548 303 smsp
561 246 652 289 xxm.
668 245 738 290 oar.
752 233 796 289 tt.
809 223 850 306 [a.
860 248 893 287 u.
905 249 930 287 c.
946 224 1008 307 5³8]

263 391 392 453 mediam
407 394 500 452 aciem
516 392 652 470 Hispanis
666 392 776 462 flrmat;
798 394 830 451 ln
850 391 1003 463 cornibus,
1024 390 1129 453 dextro
1145 393 1214 454 Poe·

260 491 315 536 nos
328 474 420 543 locat,'
443 474 525 535 laevo
540 475 626 536 Atros
640 476 973 554 mercennariorumque
993 474 1115 544 auxilia:
1137 479 1216 556 equi·
1274 475 1275 542 ζ

260 566 322 618 tum
335 557 477 619 Numidas
491 558 658 619 Poenorum
673 557 833 637 peditibus,
856 568 970 619 ceteros
984 557 1055 619 liro
1074 556 1139 637 pro'
1154 578 1204 621 cor

233 640 348 701 onibus
358 642 488 720 apponit
517 640 999 703 necomoesNumidaeindextro
1013 640 1102 702 locati
1115 660 1216 714 cornu,
1274 657 1275 706 l

260 723 312 785 sed
327 724 435 804 qulbus
449 721 631 786 desultorum
642 725 674 784 ln
689 723 811 786 modum
826 723 913 786 blnos
927 722 1112 786 trahentibus
1126 744 1217 806 equos
1274 721 1275 816 j

258 809 338 869 inter
360 808 535 869 acerrimam
561 825 650 887 saepe
673 825 802 887 pugnam
822 810 853 869 in
875 815 1025 869 recentem
1051 826 1161 888 equum
1183 829 1217 870 ex
1274 823 1275 842 ³

260 889 338 952 lesse
361 891 481 951 armatis
500 890 678 951 transultare
698 908 763 952 mos
783 899 860 952 erat:
884 899 964 952 tanta
986 890 1125 952 velocitas
1148 893 1217 971 ipsis

230 981 377 1053 tumque
391 973 485 1035 docile
500 991 643 1053 equorum
659 991 752 1052 genus
768 982 822 1035 est.
852 992 919 1035 cum
934 974 991 1037 boc
1005 973 1094 1035 modo
1108 976 1217 1037 instru·
1274 989 1275 1048 i

259 1059 438 1126 distarent,
457 1059 669 1136 imperatorum
683 1059 837 1137 utriusque
852 1060 944 1137 partis
959 1058 1037 1118 haud
1048 1058 1144 1119 ferme
1160 1059 1218 1119 dis·
1274 1053 1276 1088 ᾗ

258 1158 345 1219 pares
364 1158 432 1219 spes
453 1148 553 1202 erant:
576 1157 645 1202 nam
672 1158 711 1201 ne
729 1140 853 1203 muitum
876 1141 996 1221 quidem
1024 1148 1073 1201 aut
1093 1158 1218 1203 numero

260 1233 310 1299 aut
324 1240 435 1301 genere
449 1223 575 1285 militum
591 1224 623 1284 hi
637 1233 687 1285 aut
698 1223 741 1285 illi
752 1223 955 1303 praestabant:
974 1223 1116 1285 militibus
1130 1222 1218 1303 longe
1260 1231 1275 1280 l

231 1306 358 1386 tdispar
373 1309 488 1368 animus
504 1316 576 1369 erat.
609 1308 750 1369 Romanis
766 1309 861 1377 enim,
888 1320 1065 1387 quamquam
1079 1305 1218 1385 procula

257 1392 352 1469 patria
366 1399 547 1470 pugnarent,
563 1390 649 1468 facilc
660 1398 869 1469 persuaserant
876 1391 965 1451 duces
970 1408 1025 1470 pro
1031 1390 1114 1451 ltalia
1129 1399 1218 1471 atque

153 1539 155 1542 ,
257 1472 332 1534 urbe
343 1474 475 1535 Romana
490 1492 541 1535 eos
552 1492 701 1554 pugnare;
719 1476 830 1553 itaque,
846 1472 925 1534 velut
939 1472 1044 1553 quibus
1054 1473 1171 1535 reditus
1185 1477 1216 1535 in
1274 1495 1275 1540 ς

258 1559 384 1640 patriam
407 1575 442 1618 eo
464 1556 633 1621 discrimine
658 1575 774 1637 pugnae
796 1564 976 1628 verteretur,
998 1556 1218 1638 obstinaverant
1274 1625 1275 1636 ἶ

228 1642 362 1700 eanimis
378 1641 495 1701 vincere
513 1648 564 1700 aut
577 1642 663 1701 mori.
692 1642 790 1702 minus
798 1641 974 1719 ‚pertinaces
994 1640 1073 1701 viros
1088 1639 1217 1702 habebat
1274 1645 1275 1722 i

257 1719 348 1791 altera
370 1724 463 1792 acies,
488 1739 557 1782 nam
580 1723 707 1784 maxima
730 1741 799 1801 pars
813 1723 935 1801 Hispani
958 1732 1057 1793 erant,
1073 1725 1125 1802 qui
1140 1725 1218 1783 vinci
1274 1725 1275 1742 ²

229 1803 438 1881 t'inHispania
448 1821 536 1884 quam
547 1805 840 1868 victoresinltaiiam
853 1806 929 1866 trabi
940 1804 1097 1867 malebant
1120 1809 1218 1885 primo
1274 1821 1275 1884 l

258 1888 348 1964 igitur
362 1905 522 1957 concursu,
538 1906 606 1950 cum
620 1887 668 1949 vix
683 1889 742 1968 pila
759 1891 892 1950 coniecta
908 1897 1021 1958 essent,
1037 1889 1156 1950 rettulit
1166 1908 1218 1969 pe·
1274 1893 1275 1946 l

258 1969 325 2030 dem
340 1971 437 2032 media
448 1973 534 2042 acies,
550 1971 803 2052 inferentibusque
813 1990 845 2033 se
862 1990 969 2051 magno
984 1973 1096 2051 impetu
1107 1972 1218 2034 Homa-
1274 1973 1275 1992 ³

217 2055 304 2121 tonis
322 2056 409 2116 vertit
422 2062 515 2134 torpa.
546 2055 638 2116 nihilo
650 2056 770 2133 segnius
785 2058 817 2116 ic
832 2055 972 2117 cornibus
988 2054 1135 2134 proelium
1153 2055 1219 2117 luit
1274 2077 1275 2096 t

180 2206 185 2215 .
257 2137 326 2199 hinc
342 2138 472 2209 Poenus,
493 2139 563 2199 hinc
578 2139 649 2199 dier
666 2147 765 2217 urget,
787 2146 816 2199 et
840 2138 919 2199 velut
943 2141 973 2199 in
1000 2140 1219 2199 circumventos
1274 2147 1275 2186 t

216 2227 245 2278 tt
257 2220 372 2301 proelio
387 2223 506 2302 ancipiti
528 2230 670 2301 pugnant.
708 2221 759 2281 sed
777 2241 842 2283 oum
868 2224 908 2281 in·
922 2221 1051 2285 medium
1072 2228 1136 2283 tota
1159 2224 1240 2301 iam,
1274 2225 1275 2232 ’

258 2307 365 2366 coisset
379 2305 510 2367 Romana
525 2307 619 2375 acies,
635 2306 705 2367 satis
723 2306 828 2366 virium
843 2304 881 2366 ad
896 2304 1069 2366 dimovenda
1084 2304 1218 2367 bostium

217 2394 372 2449 tscornua
394 2388 511 2450 habuit:
539 2391 578 2449 ita
608 2389 666 2450 duo
687 2388 801 2470 diversa
820 2387 934 2468 proelia
957 2397 1050 2449 crant
1088 2396 1220 2468 utroque
1274 2387 1275 2440 ξ

257 2471 397 2542 Homani,
414 2481 451 2532 ut
473 2474 523 2551 qui
544 2472 636 2551 pulsis
657 2474 715 2534 iam
730 2479 798 2533 ante
813 2471 918 2532 mediis
933 2479 963 2532 et
977 2487 1103 2532 numero
1121 2481 1153 2533 et
1168 2491 1218 2533 ro·
1274 2487 1275 2498 ¹

216 2553 332 2615 labore
346 2556 477 2616 virorum
498 2554 696 2634 praestarent,
719 2554 904 2616 hauddubie
925 2562 1075 2632 superant
1107 2573 1217 2633 magna
1274 2553 1275 2560 '

242 2637 302 2716 *vis
328 2635 479 2697 hominum
504 2638 546 2697 ibi
572 2640 683 2708 occisa,
711 2646 754 2706 et.
778 2632 834 2699 nlsi
860 2638 982 2718 Hispani
1003 2637 1122 2699 vixdum
1144 2655 1216 2699 con·
1274 2649 1275 2666 l

257 2725 336 2777 serto
351 2717 465 2795 proeHo
479 2727 540 2780 tam
553 2720 642 2780 elluse
658 2720 813 2798 fugissent,
829 2723 969 2801 perpauci
984 2739 1020 2781 ex
1034 2727 1095 2782 tota
1110 2739 1217 2798 super·
1247 2717 1250 2722 ’
1274 2719 1276 2794 l

216 2807 248 2857 tt
259 2800 383 2862 luissent
398 2801 469 2863 acie.
500 2804 643 2881 equestris
658 2820 756 2882 pugna
776 2804 856 2866 nulla
871 2804 1027 2866 admodum
1043 2804 1112 2874 luit,
1134 2806 1216 2883 quia.

230 2897 240 2937 ·.
257 2883 344 2946 simul
359 2884 527 2947 inclinatam
547 2886 675 2954 mediam
692 2888 785 2948 aciem
799 2889 893 2949 Mauri
912 2887 1113 2967 Numidaeque
1133 2888 1217 2947 vide·
1274 2949 1275 2954 ,

256 2977 342 3039 runt,
366 2969 511 3049 extemplo
534 2971 603 3048 luga
626 2971 716 3033 effusa
737 2970 815 3031 nuda
836 2989 947 3032 cornua
963 2969 1125 3049 elephantis
1141 2989 1217 3051 quo·
1259 3017 1263 3023 .

218 3061 249 3111 lb
259 3071 317 3132 que
327 3071 399 3133 prae
413 3071 444 3113 se
459 3056 530 3114 actis
547 3054 714 3115 deseruere.
747 3063 776 3115 et
788 3052 967 3123 Hasdrubal,
984 3072 1076 3133 usque
1094 3054 1131 3114 ad
1147 3053 1218 3115 ulti·

139 3192 142 3196 .
177 3134 184 3146 ‘
257 3154 339 3197 mum
351 3144 485 3200 eventum
500 3155 615 3216 pugnae
631 3147 771 3207 moratus,
788 3155 804 3198 e
819 3137 915 3199 media
927 3138 1018 3198 caede
1029 3154 1096 3198 cum
1111 3138 1216 3217 paucis

216 3225 248 3277 tu
259 3220 368 3298 effugit.
397 3226 492 3281 castra
507 3221 632 3282 Romani
647 3239 754 3300 cepere
765 3230 852 3301 atque
864 3220 1022 3300 diripuere.
1055 3237 1090 3281 ea
1104 3238 1215 3300 pugna,

256 3304 354 3383 siqua
371 3302 459 3363 dubia
479 3307 511 3364 in
527 3304 667 3383 Hispania
687 3309 784 3375 erant,
806 3305 946 3381 Romanis
968 3304 1115 3373 adiunxit,
1139 3304 1215 3364 Has·
1274 3305 1275 3390 i

257 3385 429 3465 drubalique
444 3404 503 3448 non
517 3387 606 3449 modo
622 3390 654 3449 in
668 3387 780 3449 ltaliam
794 3387 970 3449 traducendi
983 3388 1144 3456 exercitus,
1162 3385 1215 3447 sed

214 3549 218 3553 Α
257 3483 294 3524 oe
310 3467 448 3535 manendi
461 3470 579 3546 pridem
593 3472 736 3532 satistuto
748 3473 780 3531 in
792 3471 930 3548 HIspania
944 3489 1027 3550 spem
1042 3468 1211 3547 reilouerat
