2575 4067
335 245 428 289 mnu
438 248 468 288 x.
486 245 554 288 oar.
572 232 616 287 20.
630 233 674 287 27.
687 222 727 306 [e.
743 227 777 290 O.
794 224 856 307 ²95]
1012 232 1074 297 1⁷⁸7

113 404 143 459 et
155 394 188 456 ll.
205 390 371 456 Postumius
382 389 523 470 Megellus
537 398 746 470 propraetores
766 391 851 453 ambo
866 393 968 455 stativa
983 394 1016 456 ln
1030 394 1072 457 cls

112 476 186 540 locis
201 475 312 537 babere
326 475 408 536 iussi.

175 558 288 621 XXVII.
320 555 462 620 Consules
476 555 514 618 ad
527 556 627 617 hostes
647 563 832 635 transgresso
847 558 1023 637 Appennino
1040 562 1098 624 inl

112 661 217 723 agrum
226 642 408 703 Sentinatem
419 648 628 720 pervenerunt.
650 638 692 701 lbl
707 648 845 721 quattuor
855 640 969 704 millum
979 641 1072 705 lermc

111 723 267 788 interran
283 731 378 786 casua
389 725 494 803 posita.
519 725 598 785 inter
612 723 712 785 hostes
722 723 828 786 deinde
844 723 1101 789 eonsduuoness

112 809 245 880 habitae,
270 815 358 888 atque
376 809 417 870 lta
438 809 588 879 convenit,
610 825 649 869 ne
664 809 731 869 unls
751 809 856 871 castris
875 810 1072 871 miscerentur

112 910 230 961 omnes,
256 910 329 954 nere
351 893 383 952 in
405 892 500 952 erlem
524 889 738 953 descenderent
752 891 852 955 simul:
890 892 1072 955 Samnitibus

112 975 202 1047 Galli,
219 976 351 1037 Etruscis
365 973 471 1038 Umbri
485 974 600 1037 adiecti.
633 975 696 1036 dies
709 975 820 1037 indicta
833 994 965 1056 pugnae;
991 976 1072 1038 Sam·
1087 984 1104 1038 8

112 1061 167 1120 niti
173 1058 321 1138 Gallisque
331 1056 464 1137 delegata
473 1076 587 1139 pugna:
599 1060 678 1120 inter
690 1060 787 1139 ipsum
800 1066 950 1123 certamen
955 1059 1071 1122 Etrusci

113 1141 275 1221 Umbrique
296 1142 368 1203 iussi
388 1148 483 1203 castra
497 1141 629 1204 Romana
643 1160 824 1223 oppugnare.
863 1144 936 1206 baec
952 1141 1099 1205 consiliat

111 1225 270 1287 turbarunt
291 1224 461 1305 transfugae
474 1225 586 1288 Clusini
608 1233 671 1287 tres
691 1224 767 1288 clam
786 1235 872 1289 nocte
896 1227 933 1288 ad
947 1226 1070 1289 Fabium

113 1308 265 1371 consulem
279 1309 471 1388 transgressi,
494 1311 544 1390 qul
565 1308 649 1370 editis
664 1309 791 1371 bostium
815 1308 942 1373 consiliis
959 1310 1071 1373 dimlsd

113 1411 180 1455 cum
195 1392 296 1465 donis,
312 1400 345 1453 ut
355 1392 493 1464 subinde,
510 1400 543 1454 ut
553 1409 686 1473 quaeque
701 1410 750 1454 res
763 1411 839 1456 nora
852 1393 971 1456 decreta
984 1400 1069 1465 esset,

114 1475 295 1556 exploratam
317 1475 494 1555 perferrent.
535 1475 671 1540 consules
690 1475 806 1550 Fulvio,
833 1485 868 1539 ut
888 1496 924 1539 ex
947 1477 1098 1550 &limet

112 1560 283 1631 Postumio.
300 1567 333 1621 ut
354 1577 390 1621 ex
409 1561 547 1622 Vaticano
569 1562 730 1623 exercitum
761 1562 798 1623 ad
818 1561 947 1624 Cluuium
968 1562 1070 1624 admo·

113 1651 200 1704 reant
214 1661 386 1723 summaque
403 1644 430 1704 vi
444 1644 519 1706 lines
532 1645 661 1707 hostium
680 1644 911 1725 depopulentur,
925 1644 1068 1708 scribunt.

113 1726 201 1787 buius
214 1725 409 1806 populatIonls
420 1726 496 1791 lama
505 1729 645 1792 Etruscos
656 1748 693 1791 ex
703 1746 775 1808 agro
789 1729 941 1793 Sentinate
952 1730 989 1791 ad
1001 1734 1098 1792 suosd

112 1810 186 1869 fines
195 1808 318 1872 tuendos
331 1813 430 1873 morit.
460 1812 571 1875 instare
589 1812 658 1874 inde
674 1812 825 1888 consules,
851 1822 884 1876 ut
900 1812 1070 1877 absentibus

112 1892 160 1954 bis
182 1903 373 1974 pugnaretur.
412 1913 467 1974 per
486 1895 608 1958 biduum
624 1895 780 1958 lacessiere
800 1896 914 1978 proelio
936 1898 1068 1967 bostemt

113 1975 203 2039 biduo
219 1977 293 2039 nibil
308 1978 429 2057 dignum
441 1978 522 2040 dictu
536 1986 648 2040 actum:
663 1981 751 2058 pauci
765 1981 914 2059 utrimque
924 1980 1097 2053 ceciderat

112 2062 264 2141 magisque
278 2062 389 2123 lnrltati
405 2069 474 2123 sunt
488 2062 525 2123 ad
538 2063 647 2123 lustum
659 2070 808 2123 certamen
823 2063 914 2123 animi
931 2081 1018 2142 quam
1033 2063 1070 2126 ad

112 2143 273 2207 discrimen
293 2164 408 2208 summa
428 2163 530 2207 rerum
550 2145 685 2207 adducta.
719 2146 806 2205 tertio
828 2144 876 2205 die
898 2144 1070 2210 descensum

112 2230 144 2288 in
160 2246 297 2309 campum
313 2228 449 2291 omnibus
464 2229 556 2309 copiis
570 2235 623 2289 est
656 2245 724 2289 cum
744 2227 904 2289 instructae
919 2227 998 2287 acles
1012 2234 1100 2288 sta-8

113 2319 196 2383 rent,
211 2330 297 2374 cerva
312 2312 427 2392 lugiens
441 2312 543 2392 lupum
558 2330 575 2373 e
590 2310 740 2373 montibus
759 2319 860 2373 exacta
881 2326 936 2389 per
952 2326 1072 2390 campos

113 2396 192 2456 inter
207 2394 279 2459 duas
293 2398 371 2459 acies
394 2396 540 2467 decurrit;
560 2395 630 2458 inde
650 2395 782 2457 diversae
801 2394 899 2465 ferae,
922 2410 1009 2454 cerva
1034 2394 1072 2455 ad

115 2476 228 2551 Gades,
255 2478 342 2561 lupus
363 2478 399 2542 ad
420 2480 569 2543 Romanos
595 2496 715 2541 cursum
743 2476 871 2541 deflexit.
914 2475 984 2558 lupo
1006 2476 1073 2541 data

114 2562 193 2623 inter
207 2564 326 2626 ordines
337 2565 397 2636 ria,
420 2581 536 2627 cervam
553 2562 627 2627 Galli
655 2562 812 2626 confixere.
847 2569 910 2625 tum
931 2579 968 2624 ex
989 2570 1100 2625 ante-9

114 2647 245 2723 signanis
258 2647 407 2712 Romanus
421 2647 520 2724 miles;
547 2647 640 2721 „illae
654 2647 749 2728 iuga“
770 2647 866 2727 lnquit
885 2653 942 2720 „et
963 2647 1069 2710 caedes

114 2732 214 2801 vertit,
237 2731 289 2792 ubl
308 2750 422 2795 sacram
443 2733 552 2796 Dianae
572 2732 666 2794 leram
686 2734 833 2793 iacentem
855 2731 974 2794 ridetis:
1002 2730 1073 2794 binc

114 2815 208 2873 victor
224 2814 345 2875 Martius
360 2814 459 2895 lupus,
479 2819 595 2895 integer
610 2824 641 2875 et
657 2816 797 2886 intactus,
817 2817 913 2894 gentis
927 2831 983 2876 nos
996 2814 1072 2875 biar-

114 2898 173 2955 tiae
188 2901 218 2954 et
238 2895 399 2961 conditoris
418 2902 512 2962 nostrl
530 2899 714 2962 admonuit.“
747 2896 851 2959 dextro
872 2913 966 2957 cornu
987 2895 1071 2968 Galli,
1084 2900 1117 2954 10

115 2977 236 3037 sinistro
251 2975 397 3039 Samnites
411 2986 613 3045 constiterunt.
651 2981 790 3043 adversus
805 2979 953 3039 Samnites
967 2976 1002 3049 Q.
1017 2977 1072 3038 Fa·

115 3059 182 3121 bius
196 3059 324 3140 primam
340 3076 374 3120 ac
397 3064 513 3125 tertiam
530 3065 677 3145 legionem
696 3083 752 3145 pro
772 3063 875 3124 dextro
891 3077 999 3132 cornu,
1022 3059 1073 3120 ad·
1100 3123 1104 3128 ,

117 3162 218 3207 versus
235 3140 335 3205 Gallos
358 3162 413 3222 pro
433 3146 553 3209 siuistro
568 3149 675 3209 Decius
698 3149 829 3228 quintam
849 3151 878 3205 et
898 3150 1011 3206 sextam
1028 3145 1073 3204 in·

115 3229 231 3290 struxit.
268 3225 399 3289 secunda
420 3236 450 3289 et
470 3238 572 3309 quarta
587 3247 654 3291 cum
668 3231 701 3291 L.
719 3228 874 3291 Volumnio
897 3226 1074 3307 proconsule
1084 3234 1115 3287 ii

116 3313 147 3371 ln
164 3312 284 3374 Samnio
300 3310 423 3390 gerebat
436 3310 556 3375 beUum.

178 3396 277 3457 Primo
294 3413 441 3458 concursu
457 3396 530 3458 adeo
547 3397 647 3476 aequis
663 3394 772 3458 mribus
789 3402 870 3475 gesta
885 3412 934 3457 res
949 3401 1007 3466 est,
1031 3404 1068 3458 ut

117 3480 142 3537 si
161 3479 322 3541 adfuissent
341 3480 458 3543 Etrusci
481 3490 509 3544 et
531 3480 634 3544 Umbri
676 3477 725 3543 aut
751 3483 783 3542 in
807 3482 869 3543 acie
895 3487 944 3542 aut
968 3481 999 3542 in
1026 3496 1061 3541 ca

159 3593 183 3627 r.
197 3593 259 3630 u1v1
272 3563 343 3631 νηῒ
353 3596 386 3631 11.
824 3570 862 3632 12
