2575 4067
250 259 344 302 44444
357 260 421 302 xxr.
438 259 504 303 444.
520 249 564 302 41.
579 250 621 300 44.
641 250 682 301 44.
696 241 737 322 [a.
752 244 787 304 (i.
801 241 864 324 218]
977 246 1038 312 239

79 427 138 472 444
152 426 209 490 pro
220 407 314 470 salute
327 415 404 468 esset
416 407 579 469 certamen!
604 424 664 467 nou
676 407 711 467 de
724 410 908 486 possessione
920 409 1035 471 Siciliae
1047 417 1080 470 14

77 512 112 554 44
128 492 296 573 Sardiniae,
312 489 348 551 de
363 490 469 570 quibus
481 489 628 570 quondam
643 489 802 568 agebatur,
819 492 870 552 sed
884 509 939 573 pro
953 494 1036 556 ltalia

77 575 159 638 vobis
181 583 225 637 est
245 573 447 655 pugnandum.
482 590 537 634 nec
559 581 604 633 est
625 572 698 634 alius
718 573 755 635 ab
778 582 862 653 tergo
879 579 1079 646 444441444444

77 662 142 741 qui,
157 660 214 721 nisi
229 676 282 720 uos
296 658 454 728 vincimus,
471 658 549 718 hosti
564 655 693 728 obsistat,
706 674 760 718 444
770 657 858 738 Alpes
869 658 943 720 aliae
957 669 1035 731 suut,

76 761 148 824 quas
166 742 235 804 dum
250 749 391 821 superant
411 741 566 820 conparari
584 757 659 800 nova
673 742 787 819 possint
803 742 957 820 praesidia.
987 743 1037 804 hic

76 834 121 888 est
151 824 342 894 obstandum,
371 823 492 895 milites,
524 821 603 884 velut
623 825 649 883 si
674 831 741 884 ante
764 824 896 887 14444444
919 829 1036 888 moenia

74 926 251 990 pugnemus.
287 925 364 969 unus
384 909 507 988 quisque
527 924 558 967 se
576 924 637 968 444
653 925 760 987 corpus
774 927 873 979 suum,
895 909 948 971 scd
963 927 1032 970 con·
1046 916 1080 968 44

74 996 176 1072 iugem
198 1009 231 1054 44
250 990 361 1053 liberos
384 1009 489 1070 parvos
511 992 600 1051 armis
614 998 772 1070 protegere
790 1000 888 1071 putet,
911 1010 966 1055 444
983 993 1034 1053 do·

75 1078 214 1138 mesticas
233 1074 327 1136 solum
358 1076 450 1153 agitet
471 1092 572 1144 curas,
597 1074 650 1135 sed
669 1074 831 1137 identidem
858 1076 916 1137 hoo
936 1077 1035 1137 animo

76 1166 209 1240 reputet,
225 1166 341 1221 nostras
353 1176 432 1219 nunc
446 1160 554 1219 intueri
569 1176 673 1219 manus
686 1165 820 1220 senatum
834 1159 1034 1240 populumque

76 1245 258 1312 Romanum3
276 1241 369 1322 qualis
381 1249 481 1303 nostra
491 1242 534 1302 vis
547 1244 697 1322 virtusque
710 1242 811 1313 iuerit,
827 1242 915 1303 talem
928 1242 1033 1304 deinde
1044 1249 1076 1301 17

77 1329 226 1390 fortunam
245 1324 324 1387 illius
338 1324 421 1387 urbis
436 1343 470 1386 44
485 1324 609 1386 Romani
622 1327 741 1404 imperii
761 1326 856 1386 iore.“

138 1410 224 1472 llLll.
253 1410 333 1472 11444
358 1408 435 1488 apud
454 1408 604 1469 Romanos
631 1408 743 1470 consul.
779 1408 925 1470 Hannibal
945 1409 1061 1471 rebust

75 1496 263 1578 priusquam
283 1491 383 1553 verbis
401 1493 598 1554 adhortandos
617 1492 725 1554 milites
742 1500 836 1564 ratus,
853 1494 1034 1555 circumdato

74 1580 112 1640 ad
127 1576 327 1657 spectaculum
342 1577 473 1638 exercitu
488 1576 616 1656 captivos
630 1583 785 1639 montanos
798 1578 909 1639 4144444
923 1578 955 1638 14
970 1595 1034 1639 444-

75 1663 124 1724 dio
140 1661 257 1731 statuit,
279 1661 425 1739 armisque
447 1658 563 1720 Gallicis
584 1660 758 1739 antepedes
776 1678 879 1723 eorum
893 1661 1033 1742 proiectis

75 1749 263 1822 interrogare
276 1743 469 1821 interpretem
489 1744 587 1813 iussit,
605 1746 719 1823 ecquis,
744 1747 769 1805 si
782 1744 905 1807 vinculis
921 1745 1033 1807 levare·

73 1838 124 1891 tur
147 1844 285 1906 armaque
308 1834 337 1886 et
358 1843 465 1905 equum
487 1827 579 1887 414444
601 1829 762 1907 acciperet,
786 1828 938 1890 decertare
952 1829 1033 1890 ierro

74 1911 172 1975 441144.
202 1929 268 1972 cum
281 1909 317 1970 ad
329 1926 420 1970 uuum
431 1926 534 1969 omnes
547 1908 659 1970 sermm
670 1928 856 1991 pugnamque
867 1920 1032 1992 poscerent,
1045 1919 1062 1968 2

75 2005 105 2059 et
120 1996 232 2056 deiecta
247 1995 279 2055 in
293 1992 323 2054 id
337 2009 403 2054 sors
420 1998 510 2062 esset,
526 2009 558 2053 se
576 1992 698 2072 quisque
714 2012 780 2054 eum
795 1994 928 2073 optabat,
945 2013 1033 2075 quem

76 2082 195 2142 iortuna
219 2079 251 2139 in
277 2077 308 2138 id
332 2083 483 2137 certamen
502 2075 625 2153 legeret.
663 2084 693 2135 et
721 2077 862 2155 canusque
893 2093 959 2138 sors
984 2084 1061 2137 444

74 2164 201 2233 41414444,
219 2161 316 2223 alacer
331 2160 410 2221 inter
429 2158 607 2238 gratulantes
628 2158 733 2237 gaudio
750 2158 883 2220 exultans
897 2177 964 2220 curu
989 2161 1034 2219 sui

74 2249 166 2312 moris
182 2245 318 2325 tripudiis
330 2261 411 2306 arma
421 2244 528 2322 raptim
540 2242 683 2322 capiebat.
708 2242 760 2304 ubi
770 2260 839 2302 4444
853 2242 1064 2312 41414444444

73 2334 99 2392 14
114 2329 231 2393 habitus
246 2329 412 2390 4414444444
427 2344 489 2387 444
502 2327 580 2387 inter
594 2325 725 2387 eiusdem
741 2325 829 2387 modo
853 2324 1034 2387 condicionis

74 2414 211 2475 homines
228 2420 304 2484 4444,
320 2410 372 2473 sed
383 2411 555 2475 etiaminter
562 2417 729 2490 spectantes
736 2408 830 2488 tuigo,
847 2418 879 2472 ut
892 2427 953 2470 444
971 2411 1032 2470 vin·

75 2499 204 2560 centium
218 2495 310 2575 magis
326 2513 413 2575 quam
428 2494 505 2556 bene
520 2495 709 2555 morientium
720 2493 838 2555 fortuna
853 2492 1031 2555 laudaretur.

137 2580 236 2643 XLlll.
268 2579 341 2642 Cum
357 2581 400 2640 sic
419 2577 530 2659 aliquot
542 2578 680 2658 spectatis
703 2577 824 2659 paribus
840 2577 970 2640 adiectos
989 2577 1060 2639 di·1

74 2666 216 2736 misisset,
235 2665 373 2725 contione
387 2663 457 2723 inde
472 2662 609 2724 advocata
629 2665 669 2724 ita
690 2663 767 2742 apud
782 2680 833 2724 eos
845 2661 960 2724 locutus
974 2662 1033 2725 ier·

76 2757 137 2810 har:
167 2796 187 2819 „
196 2750 235 2818 si,
257 2764 345 2826 quem
363 2748 492 2807 animum
506 2746 538 2806 in
559 2744 672 2808 alienae
690 2748 777 2808 sortis
798 2746 932 2826 exemplo
947 2748 1063 2825 paulos

77 2838 146 2892 ante
159 2828 317 2899 habuistis,
335 2829 460 2890 eundem
475 2847 544 2889 mox
561 2829 593 2887 in
608 2830 788 2889 aestimanda
803 2829 921 2889 iortuna
939 2836 1034 2889 restra

74 2910 253 2982 habueritis,
283 2911 419 2982 vicimus,
446 2911 567 2972 milites:
595 2929 692 2991 neque
729 2912 807 2971 enim
834 2907 1034 2989 spectaculum

75 2993 164 3057 modo
179 2991 267 3063 illud,
285 2991 337 3052 sed
363 2993 506 3071 quaedam
528 2995 618 3055 veluti
638 2996 735 3072 imago
751 3001 865 3054 vestrae
885 2990 1034 3053 condiclo-

5 3136 9 3147 ,
75 3080 121 3141 414
136 3083 209 3139 4444.
239 3094 273 3138 44
288 3075 387 3136 444414
400 3094 437 3135 44
451 3077 563 3138 maiora
578 3077 693 3140 4144414
707 3077 892 3155 maioresque
907 3078 1034 3138 necessi·
1044 3083 1071 3136 3*

73 3170 149 3225 tates
169 3160 252 3223 robis
274 3176 362 3239 quarn
385 3154 506 3239 captivis
527 3162 769 3222 44444141444444
790 3158 1031 3221 circumdederit:

75 3247 178 3308 dextra
192 3245 333 3323 laevaque
349 3241 406 3304 duo
418 3244 510 3304 maria
522 3241 662 3305 claudunt
672 3243 782 3306 nullam
794 3262 832 3305 ne
847 3242 883 3304 ad
895 3241 1063 3322 effugiuma

76 3330 194 3410 quidem
225 3345 331 3393 navem
358 3326 548 3399 habentibus,
576 3329 655 3388 circa
680 3327 777 3390 Padus
804 3328 914 3398 amnis,
941 3330 1035 3390 maim

77 3413 172 3475 Padus
187 3433 222 3476 44
239 3409 394 3476 4141444144
409 3410 566 3482 Rhodano,
587 3410 624 3472 ab
642 3421 727 3492 tergo
741 3411 829 3493 Alpes
842 3417 964 3490 urgent,
987 3414 1034 3475 rix

75 3499 200 3576 integris
213 3498 296 3560 vobis
312 3513 346 3557 44
360 3494 527 3575 rigentibus
543 3497 694 3560 transitac.
729 3495 778 3557 hic
793 3493 968 3557 vincendum
985 3504 1064 3559 autt
