2575 4067
250 248 313 311 272
420 260 516 302 ursa
529 259 606 302 1111.
621 259 691 302 aar.
708 249 750 302 12.
765 247 808 302 tt.
838 237 881 322 [a.
895 258 928 299 n.
943 258 970 299 c.
985 240 1047 318 bttj

133 426 136 431 ’
211 415 239 468 11
254 416 343 471 tunae
357 408 510 487 paenitere
521 424 601 468 suaa
628 405 681 467 sed
692 423 752 467 non
762 400 958 468 Hannibalem
969 403 1063 481 magis
1071 402 1217 467 infestum

251 501 312 554 mm
326 492 405 552 sanis
419 488 549 552 masiliis
563 489 692 552 babebat
705 508 793 569 wem
807 487 983 568 magistrum
999 488 1146 566 equitum,
1163 490 1218 568 qui

252 573 325 636 nihil
350 574 443 645 aliud,
471 591 559 654 quam
582 572 661 653 quod
686 574 783 653 impar
803 581 868 635 erat
884 571 1025 649 imperio,
1049 587 1152 632 morae
1177 571 1218 633 ad
1285 619 1286 650 q

211 665 242 717 12
254 657 477 739 rempublicam
491 656 742 737 praecipitandam
766 655 912 723 habebar:
936 653 1020 715 seror
1033 654 1218 735 rapidusque

252 741 381 803 consiliis
407 758 442 802 ac
463 739 564 819 lingum
585 739 751 801 inmodicus
771 741 869 820 primo
889 738 972 801 inter
991 754 1116 816 paucos,
1144 737 1217 799 dein

251 824 405 905 propalam
419 825 452 885 in
466 822 568 903 vulqus
582 841 637 903 pro
653 830 824 886 cunctatore
845 838 984 902 segnem,
1004 837 1061 899 pro
1076 828 1162 883 muto
1177 823 1215 883 ti·

251 908 380 979 midam,
412 907 565 986 adtingens
596 908 692 967 sirim
718 904 874 968 virtutibus
901 907 985 977 vitia,
1016 903 1215 984 conpellabat,

252 990 474 1071 premendoque
497 990 698 1069 superiorem,
720 1007 795 1069 quae
819 991 948 1069 pessima
971 1005 1020 1051 ars
1043 989 1132 1049 nimis
1146 1006 1216 1069 pro·

253 1077 347 1155 speria
361 1072 522 1136 multorum
539 1071 724 1136 successibus
737 1074 843 1144 crevit,
862 1090 928 1134 sese
939 1070 1108 1135 extollebat.

224 1164 238 1217 1
315 1157 390 1220 Xlll.
420 1154 566 1220 Hannibal
577 1175 614 1218 ex
626 1156 757 1234 Hirpinis
771 1158 803 1217 ln
815 1156 966 1218 Samnlmn
977 1157 1099 1226 nabab,
1117 1154 1214 1217 Bene·

253 1250 408 1303 venmoum
437 1240 630 1321 depopulatur
656 1256 774 1318 aaran,
808 1238 953 1303 Telesiam
987 1239 1093 1302 urbem
1127 1240 1215 1320 capit,

252 1327 354 1388 inritat
374 1326 461 1386 etiam
483 1323 520 1385 de
539 1323 684 1385 industria
705 1322 826 1393 ducem,
855 1323 882 1384 si
901 1322 978 1384 forta
999 1340 1158 1385 accensum
1172 1330 1216 1384 tot

252 1405 660 1487 indignitatibusoocladIbus
668 1408 816 1468 sociorum
828 1405 1215 1469 detrahereadaecumcer·

223 1500 351 1554 ttamen
365 1492 466 1570 possit.
482 1491 561 1553 inter
575 1489 794 1551 multitudinem
809 1490 957 1552 sociorum
972 1488 1067 1559 italici
1084 1492 1213 1570 generis.

253 1576 303 1656 qui
316 1575 353 1637 ad
359 1574 595 1635 Trasumennum
602 1575 680 1653 capti
692 1572 899 1636 abHannibale
906 1573 1075 1653 dimissique
1086 1573 1214 1645 fueram,

252 1669 315 1720 tres
330 1658 470 1735 Campani
491 1657 604 1736 equites
619 1664 719 1726 erant,
745 1656 844 1718 multis
858 1658 917 1718 iam
931 1665 994 1718 tum
1008 1655 1108 1718 inlecti
1126 1657 1215 1718 dords
1285 1674 1286 1691 ¹

253 1739 640 1820 promissisquellannibalis
647 1740 683 1801 ad
690 1739 889 1802 conciliandos
894 1738 1082 1821 popularium
1089 1740 1213 1802 animos.

227 1824 288 1886 ahi
310 1823 494 1892 nuntiantes,
526 1823 603 1884 siin
629 1824 817 1902 Campamam
839 1825 1002 1885 exercitum
1027 1824 1213 1895 admovisset,

255 1909 371 1986 Capuae
382 1906 538 1985 potiendae
554 1908 668 1987 copiam
687 1907 766 1977 iore,
783 1925 850 1969 oum
866 1925 916 1969 res
933 1909 1027 1969 maior
1041 1924 1130 1988 mam
1145 1925 1212 1969 auc·

255 2000 335 2053 tores
352 1997 445 2061 esset,
467 1988 590 2052 dubium
606 1989 799 2052 Hannibalem
819 1990 997 2070 alternisque
1017 1990 1159 2052 fidentem
1180 2008 1213 2052 ac

255 2073 438 2136 diffidentem
452 2081 566 2146 nmen,
588 2082 620 2135 ut
636 2075 800 2153 Campanos
818 2093 853 2136 ex
868 2074 987 2136 Samnio
1001 2081 1133 2154 peteret,
1151 2093 1213 2137 mo·

226 2166 369 2221 averunt.
395 2159 538 2229 monitos,
554 2164 588 2219 ut
601 2159 689 2219 etiam
701 2165 788 2236 atque
803 2159 890 2219 etiam
902 2158 1047 2237 promissa
1058 2156 1149 2220 rebus
1163 2157 1214 2219 ad·

254 2245 422 2312 firmarent,
436 2243 589 2321 lussosque
607 2239 823 2318 cumpluribus
841 2249 871 2302 et
883 2240 1029 2321 aliquibus
1044 2242 1214 2320 principum

226 2327 353 2388 bredire
369 2325 405 2386 ad
421 2342 453 2385 se
470 2324 587 2386 dimisit.
624 2326 689 2404 ipse
712 2326 839 2404 imperat
864 2324 945 2396 duci,
967 2332 1046 2386 utse
1062 2325 1214 2403 inegram

256 2410 422 2473 Casinatem
436 2407 538 2479 ducat,
555 2408 676 2470 edoctus
690 2426 707 2468 a
720 2409 824 2486 peritis
836 2409 1007 2487 regionum,
1029 2409 1055 2468 si
1069 2426 1139 2469 eum
1157 2406 1214 2470 sal·

255 2502 317 2555 tum
334 2498 520 2570 occupasset,
536 2493 647 2553 exitum
660 2491 793 2552 Romano
804 2490 841 2552 ad
855 2509 942 2571 opem
957 2492 1110 2554 ferendam
1126 2493 1214 2553 sociis

228 2574 494 2636 ainterolusurum,
523 2575 575 2635 sed
589 2574 733 2636 Punicum
743 2574 907 2636 abhorrens
921 2573 957 2637 ab
973 2576 1146 2637 Latinorum
1160 2593 1214 2637 no·

255 2658 367 2717 minum
391 2660 627 2735 pronuntiatoque
647 2675 680 2718 os
700 2659 861 2721 Canticum
876 2677 938 2735 pro
966 2658 1071 2721 Casino
1095 2659 1155 2721 dux
1182 2668 1216 2721 ut

256 2740 404 2817 acciperet
423 2737 504 2810 ieclt,
528 2757 704 2821 aversusque
724 2741 760 2803 ab
782 2760 835 2804 suo
857 2743 965 2804 itinere
985 2760 1041 2822 per
1054 2741 1214 2804 Allifanum

256 2821 487 2902 Cdldanumque
507 2830 538 2885 et
558 2823 699 2886 Calenum
724 2842 829 2904 agrum
847 2827 879 2887 in
899 2843 1036 2906 campum
1061 2824 1214 2888 Stellatem

225 2906 416 2969 adescendit.
445 2904 497 2969 ubi
513 2924 581 2969 cum
602 2908 752 2971 montibus
771 2908 1000 2990 fluminibusque
1021 2909 1151 2971 clausam
1164 2928 1215 2971 re·

254 2993 373 3070 giomm
384 2991 649 3072 circumspexisset,
665 3001 799 3054 vocatum
810 2993 916 3056 ducem
926 3001 1146 3073 percunctatur,
1161 2992 1216 3054 ubi

226 3082 401 3137 eternorum
422 3082 508 3136 esset.
548 3093 615 3138 cum
635 3079 662 3138 is
682 3075 801 3138 Casilini
822 3095 858 3138 eo
881 3076 929 3138 die
949 3094 1121 3138 mansurum
1144 3094 1215 3138 eum

255 3158 388 3229 dixisset,
405 3165 468 3220 tum
480 3158 598 3221 demum
611 3161 745 3239 cognitus
757 3167 802 3222 est
813 3178 914 3233 error,
931 3169 960 3222 et
972 3162 1109 3223 &mum
1123 3157 1215 3238 longe

225 3242 322 3304 tinde
336 3241 392 3303 alia
409 3242 532 3320 regione
544 3260 621 3314 esse,
638 3245 785 3325 virgisque
799 3261 885 3306 caeso
900 3243 975 3307 duce
986 3250 1016 3305 et
1029 3243 1065 3306 ad
1080 3241 1214 3323 reliquo·

254 3345 322 3388 rum
348 3333 494 3388 terrorem
519 3328 552 3388 in
579 3344 697 3390 crucem
724 3326 852 3399 sublato,
881 3329 986 3391 casum
1014 3327 1213 3399 communitis,

253 3407 452 3472 Maharbalem
468 3427 536 3472 cum
551 3411 738 3491 equitibusin
753 3429 856 3491 agrum
867 3411 1026 3473 Falernum
1035 3409 1213 3492 praedatum

213 3497 245 3549 ιο
256 3490 374 3554 dimisit.
395 3510 488 3572 usque
505 3493 542 3554 ad
557 3513 646 3575 aquas
657 3496 848 3558 Sinuessanas
862 3494 1011 3577 populatio
1022 3512 1056 3556 ea
1065 3494 1216 3575 pervenit.
