2575 4067
234 226 328 268 umen
341 227 418 267 1111.
436 225 503 267 oar.
518 213 563 268 00.
578 213 620 264 el.
640 206 679 285 [a.
696 209 731 268 O.
746 205 807 289 tto]
938 213 995 272 317

34 374 146 434 boram
170 369 279 431 nullam
304 370 451 432 fortunam
473 373 640 431 certaminis
662 373 788 449 experti,
815 371 997 433 tradiderunt

36 472 124 517 arma
139 472 174 515 ac
187 472 219 514 se
233 454 321 533 ipsos.
353 454 426 515 baec
438 453 520 513 robis
533 455 656 515 istorum
678 471 732 533 per
751 452 871 515 biduum
894 454 994 515 militia
1005 463 1037 513 aa

35 537 105 599 tuit.
137 555 204 598 cum
215 539 246 598 in
258 539 321 597 acic
335 544 413 597 stare
424 554 458 597 ac
469 554 601 617 pugnare
614 537 767 607 decuerat,
783 544 844 597 tum
860 538 890 596 in
903 545 995 598 castra

36 619 228 698 refugerunt,
250 637 386 698 cumpro
403 618 477 680 sallo
492 619 681 699 pugnandum
697 627 774 692 erat,
797 625 891 680 castra
907 619 995 679 tradi·

34 703 162 773 derunt,
186 721 281 782 neque
303 703 333 762 in
353 704 415 763 acie
435 719 530 781 neque
549 704 581 763 in
604 704 707 764 castris
727 702 822 764 utiles.
868 718 922 779 ego
943 720 992 761 ros
1004 709 1036 760 tt

34 784 202 847 redimam?
244 803 311 845 cum
342 802 498 864 erumpere
528 788 631 847 castris
658 793 787 865 oportet,
817 786 994 845 cunctamini

35 887 75 930 ac
90 870 231 936 manetis;
252 885 318 928 curn
333 886 467 938 manere,
484 876 578 930 castra
594 870 683 931 tutari
698 870 788 929 antris
805 885 926 929 necesse
941 876 994 938 est,

33 959 69 1013 et
93 958 186 1030 castra
207 957 236 1010 et
261 968 342 1011 arma
365 957 394 1011 et
415 969 465 1010 ros
490 952 568 1029 tpsos
590 952 705 1013 traditis
724 952 810 1013 hosti.
856 968 910 1029 ego
932 958 1034 1011 nonar

34 1034 133 1111 magis
151 1035 221 1093 istos
237 1032 438 1103 redimendos,
454 1041 553 1113 patres
568 1037 740 1114 conscripti,
764 1052 884 1105 censeo,
907 1052 993 1114 quam

33 1115 106 1177 illos
121 1115 270 1176 dedendos
284 1116 454 1187 Hannibali,
477 1119 526 1197 qui
546 1136 601 1197 per
619 1118 732 1178 medios
752 1118 844 1179 hostis
859 1137 876 1177 e
891 1119 993 1179 castris

34 1207 241 1278 eruperuntac
252 1216 307 1278 per
317 1216 460 1260 summam
469 1201 641 1262 virtutemne
653 1202 764 1281 patriae
771 1202 993 1262 restituerunt.“

101 1282 173 1342 LXi.
217 1281 374 1361 Postquam
402 1281 524 1343 Manlius
556 1283 640 1355 dixit,
673 1302 848 1364 quamquam
876 1290 1018 1363 patrumt

33 1383 155 1447 quoque
169 1363 325 1445 plerosque
339 1365 442 1443 captivi
461 1368 635 1444 cognatione
654 1366 850 1445 attingebant,
874 1374 993 1446 praeter

34 1446 205 1526 exemplum
220 1448 341 1509 civitatis
356 1449 477 1509 minime
490 1450 520 1509 in
536 1452 663 1529 captivos
677 1451 734 1511 iam
749 1450 818 1511 inde
834 1451 992 1529 andquitus

33 1529 231 1608 indulgentis,
248 1533 389 1610 pecuniae
407 1549 523 1612 quoque
535 1550 650 1594 summa
666 1532 799 1593 homines
813 1535 918 1603 movit,
934 1542 1018 1612 quaa

34 1633 93 1676 nec
115 1615 260 1674 aerarium
283 1613 451 1685 exhaurire,
477 1633 583 1693 magna
606 1618 665 1679 iam
687 1633 799 1678 summa
820 1624 939 1696 erogata
960 1618 990 1677 in

33 1714 138 1759 servos
165 1696 201 1757 ad
226 1695 358 1757 militiam
385 1697 523 1759 emendos
549 1700 777 1780 armandosque,
805 1718 860 1760 nec
880 1699 990 1761 Hanni·

34 1780 135 1841 balem
148 1780 273 1840 maxime
293 1778 414 1841 huiusce
428 1781 488 1851 rei,
509 1790 542 1842 ut
559 1782 635 1844 iama
651 1791 727 1853 erat,
753 1791 886 1861 egentem
907 1783 989 1845 locu·

14 1864 143 1943 ·pietari
156 1861 299 1923 volebant.
327 1865 395 1922 ‘cum
415 1864 499 1923 triste
515 1881 704 1942 responsum,
726 1883 785 1925 non
802 1867 906 1928 redimi
923 1874 1017 1947 cap-3

33 1950 126 2015 tivos,
142 1945 287 2006 reddltum
303 1954 393 2016 esset,
416 1963 565 2025 novusque
584 1965 673 2026 super
684 1955 812 2008 veterem
834 1948 929 2011 luctus
947 1958 991 2011 tot

33 2032 149 2091 iactura
165 2029 268 2088 civium
281 2028 409 2088 adiectus
421 2035 510 2099 esset,
529 2047 595 2090 cum
609 2031 721 2107 magnis
746 2030 863 2090 fletibus
882 2034 989 2111 questi-

34 2113 152 2191 busque
166 2110 277 2190 legatos
292 2110 327 2171 ad
344 2119 459 2190 portam
479 2113 627 2191 prosecuti
641 2121 718 2173 sunt.
752 2130 828 2173 unus
842 2131 877 2173 ex
888 2115 924 2173 iis
940 2113 1017 2174 dont

34 2214 119 2256 mum
135 2195 219 2264 abiit,
242 2193 319 2273 quod
342 2193 437 2254 fallaci
457 2194 553 2255 reditu
574 2196 605 2255 in
620 2202 714 2256 castra
733 2196 797 2256 iure
818 2195 942 2256 iurando
957 2213 990 2255 se

35 2276 216 2340 exsolvisset.
246 2276 323 2355 quod
337 2275 388 2336 uhi
403 2277 529 2338 innotuit
539 2277 722 2359 relatumque
737 2279 774 2340 ad
788 2287 919 2339 senatum
936 2286 988 2348 est,

36 2375 140 2422 omnes
150 2367 328 2419 censuerunt
337 2359 636 2438 conprehendendum
648 2369 679 2423 et
691 2360 859 2423 custodibus
873 2360 989 2442 publice

36 2444 114 2504 datis
129 2440 330 2501 deducendum
348 2439 384 2501 ad
401 2440 592 2505 Hannibalem
606 2463 680 2507 esse.

101 2525 152 2586 Est
175 2533 205 2585 et
218 2522 274 2585 alia
295 2524 331 2585 de
353 2526 473 2604 captivis
494 2526 586 2588 iama:
608 2527 710 2590 decern
731 2531 842 2609 primos
861 2530 1018 2598 venissem

37 2610 132 2669 decis
153 2627 219 2670 cum
241 2607 403 2670 dubitatum
424 2611 453 2670 in
474 2621 576 2672 senatu
599 2621 690 2684 esset,
714 2614 939 2675 admitterentur
957 2613 988 2673 iu

37 2691 141 2753 urbem
163 2711 270 2763 necne,
294 2695 334 2754 ita
359 2691 501 2755 admissos
525 2714 603 2766 esse,
630 2715 667 2757 nc
692 2703 790 2759 muron
815 2699 851 2758 iis
870 2704 989 2759 senatus

37 2775 167 2835 daretur.
196 2776 378 2836 morantibus
394 2776 500 2837 deinde
514 2777 629 2856 longius
644 2783 775 2842 omnium
786 2800 838 2861 spe
850 2779 921 2841 aiios
935 2782 1016 2841 trist

36 2859 158 2935 insuper
179 2856 290 2934 legatos
310 2860 437 2929 venisse,
458 2861 491 2921 L.
509 2860 694 2922 Scribonium
710 2871 739 2922 et
754 2863 784 2924 C.
799 2862 988 2940 Calpurnium

36 2948 68 3001 et
81 2939 114 2999 L.
130 2938 284 3007 Manlium;
305 2948 366 3000 tum
382 2941 500 3001 demum
522 2942 558 3001 ab
574 2952 699 3020 cognato
711 2944 858 3005 Scribonii
871 2941 1016 3003 tribunos

35 3022 131 3103 plebis
147 3021 183 3082 de
197 3021 375 3082 redimendis
391 3026 510 3100 captivis
529 3023 652 3084 relatum
669 3044 747 3097 esse,
768 3027 824 3088 nec
840 3028 988 3087 censuisse

36 3105 223 3166 redimendos
238 3113 386 3174 senatum;
405 3113 435 3165 ct
449 3125 538 3167 noros
551 3106 663 3185 legatos
679 3111 730 3170 tris
745 3110 781 3171 ad
795 3108 987 3171 Hannibalem

36 3192 206 3259 rerertbse,
229 3189 330 3249 decem
352 3196 466 3249 veteres
486 3191 676 3263 remansisse,
701 3193 778 3273 quod
797 3212 851 3272 per
871 3200 1014 3253 causanti

36 3270 267 3351 recognoscendi
287 3273 406 3333 nomina
426 3274 605 3352 captivorum
626 3274 662 3334 ad
676 3275 869 3337 Hannibalem
885 3294 921 3336 ex
940 3277 986 3337 iti·

35 3370 107 3415 nere
125 3358 252 3435 regressi
269 3354 413 3434 religione
434 3374 498 3417 sese
513 3354 715 3428 exsolvissent;
738 3360 774 3420 de
795 3360 832 3419 iis
847 3357 987 3422 dedendis

37 3453 140 3515 magna
153 3440 343 3501 contentione
359 3447 455 3501 aetum
469 3441 499 3500 in
515 3447 618 3502 senatu
629 3461 707 3513 esse,
723 3444 871 3522 victosque
885 3444 985 3520 paucis
