2575 4067
299 216 484 260 nrsnnxxn.
502 217 570 260 oar.
588 206 613 258 1.
629 208 656 259 2.
672 197 712 281 [ι.
730 202 844 284 (1.217]
993 209 1054 274 tot

92 381 209 445 quaque
221 364 350 444 patuerit
359 364 464 443 ingens
477 362 579 426 lumen
595 364 757 436 clitrlslsse,
773 374 868 429 sortes
881 387 934 431 sua
947 379 1053 450 sponte

93 447 272 519 adtenuatas,
290 464 438 527 mamque
454 448 597 510 excidisse
607 450 650 511 ita
663 451 803 528 scriptam
817 451 952 522 „Mavors
963 453 1052 517 telum

91 549 179 592 suum
192 531 324 593 concutit
331 538 357 602 “,
374 537 404 591 et
413 546 468 611 per
481 530 561 593 idem
575 539 692 613 tempus
701 533 813 596 Romae
824 535 940 613 signum
952 538 1053 599 ilartis
1063 547 1096 598 1²

90 616 245 695 Appiaria
262 632 297 677 ac
317 613 474 677 simulacra
495 614 632 694 luporum
647 617 780 689 sudasse,
801 625 831 679 et
850 619 966 697 Capuae
986 637 1052 700 spe·

90 699 168 759 ciem
183 696 256 760 caeli
270 697 401 759 ardentis
418 698 508 760 luisse
519 698 666 779 lunaeque
680 701 758 762 inter
768 700 895 764 imbrem
911 702 1051 765 cadentis.

89 783 161 843 inde
178 780 343 842 minoribus
357 782 446 843 etiam
459 781 539 844 dictu
553 782 697 863 prodigiis
716 784 791 847 lidos
811 785 925 849 habita:
948 797 1095 868 caprasio

90 864 203 927 lanatas
219 864 394 946 quibusdam
405 865 497 928 iactas
514 874 543 927 et
558 865 696 945 gallinam
707 869 739 929 ln
752 885 880 940 marem,
897 869 1006 949 gallum
1020 871 1051 932 ln

90 948 234 1010 feminam
249 967 314 1011 sese
325 950 457 1012 sertlsse.
483 950 537 1021 his,
555 950 632 1012 sicut
644 960 731 1013 erant
744 954 892 1024 nuntiata,
910 954 1049 1034 expositis
1062 964 1094 1014 la

90 1031 317 1113 auctoribusque
331 1034 364 1094 in
386 1034 498 1096 curiam
524 1033 702 1097 introductis
726 1036 829 1097 consul
850 1037 887 1098 de
907 1037 1051 1117 religiono

89 1124 190 1197 patres
206 1115 362 1179 consrdult
392 1116 558 1187 decretum,
581 1126 614 1179 ut
628 1136 662 1179 ea
682 1119 818 1200 prodigia
836 1122 945 1201 partlm
958 1122 1093 1184 maio-1⁶

89 1199 173 1262 ribus
183 1201 294 1272 hostiis,
310 1202 419 1281 partlm
432 1199 609 1263 lactentibus
622 1210 856 1282 procurarentur
862 1241 875 1276 ,·
888 1207 970 1267 etuti
981 1222 1049 1285 sup·

89 1282 208 1364 plicatio
219 1302 274 1367 per
283 1284 414 1347 triduum
425 1284 567 1348 adomnia
577 1284 740 1366 pulvinaria
751 1285 926 1359 haberetur;
939 1295 1047 1360 cetera,
1060 1295 1093 1348 lo

90 1386 159 1431 cum
174 1367 333 1431 decemviri
347 1366 439 1431 libros
452 1370 664 1449 inspexissent,
678 1378 711 1431 ut
721 1372 762 1432 ita
775 1371 896 1442 fierent,
913 1371 1049 1452 quemad

12 1494 26 1505 ·»
88 1451 210 1514 modum
218 1452 302 1514 cordi
309 1471 374 1515 esse
381 1452 439 1514 diri
445 1455 506 1515 suis
512 1453 913 1534 carminibuspraeiarenttu.
929 1456 1046 1518 decem·
1060 1463 1091 1515 it

88 1538 219 1598 virorum
231 1538 344 1598 monitu
357 1536 508 1599 decumum
520 1545 578 1609 est,
596 1537 657 1598 lovi
670 1540 800 1618 primum
812 1538 923 1601 donum
937 1538 1050 1601 ladmen

89 1637 213 1682 aureum
231 1619 331 1699 pondo
353 1621 563 1701 qninquaginta
590 1621 692 1693 lieret,
719 1621 825 1684 lunoni
843 1622 1050 1702 illnervaeqm
1076 1661 1081 1670 ·

89 1720 127 1764 en
143 1710 265 1781 argento
282 1702 358 1766 dona
374 1704 531 1775 dmentur,
551 1712 581 1766 et
600 1705 706 1767 lunoni
725 1707 846 1785 reginae
860 1708 892 1767 in
905 1706 1049 1769 Aventino

88 1785 253 1866 Iunonique
264 1787 396 1868 Sospitae
402 1788 523 1849 lanuvi
537 1788 699 1851 maioribus
708 1789 811 1851 bestiis
822 1790 1047 1861 sacrificaretur,

88 1878 300 1952 matronaeque
318 1873 444 1952 pecunia
466 1869 596 1941 conlata,
617 1880 758 1951 quantum
784 1873 921 1934 conferre
943 1875 1091 1953 cuiqueln

88 1954 277 2017 commodum
299 1962 391 2027 esset,
415 1954 525 2016 donum
549 1954 655 2016 lunoni
675 1957 796 2033 reginae
815 1956 848 2017 in
875 1955 1048 2017 dvondnum

89 2038 217 2109 ferrent,
233 2038 505 2118 lectisternIumque
523 2038 622 2109 lieret,
644 2047 675 2099 et
690 2045 723 2099 ut
737 2037 892 2101 libertinae
912 2046 942 2099 et
957 2040 1047 2118 ipsae,

89 2122 167 2183 unde
181 2122 325 2184 Feroniae
340 2123 451 2184 donum
467 2122 602 2193 daretur,
618 2122 774 2201 pecunIam
791 2139 846 2202 pro
861 2119 1049 2182 facultatibus

87 2207 148 2268 suis
162 2205 342 2268 conferrent.
372 2207 446 2268 haec
455 2204 508 2267 ubi
522 2204 612 2276 iacta,
629 2205 788 2266 decemviri
804 2202 918 2266 Ardeae
935 2204 966 2265 in
980 2203 1046 2266 loro
1058 2210 1091 2263 lt

87 2289 249 2352 maioribus
271 2291 374 2352 hostiis
399 2289 609 2351 sacrificarunt.
644 2296 794 2369 postremo
810 2285 968 2349 Deccmbri
987 2288 1047 2348 lain

86 2391 189 2434 mense
203 2372 240 2434 ad
256 2373 359 2435 aedem
372 2372 491 2435 Saturni
501 2371 611 2433 Romae
624 2370 809 2433 immolatum
823 2377 884 2441 eet,
902 2368 1047 2432 lectister-

87 2457 227 2535 niumque
242 2458 422 2538 imperatum
442 2490 484 2501 -
510 2463 540 2516 et
555 2473 622 2517 cum
645 2455 754 2516 lectum
770 2463 923 2516 senatores
937 2463 1047 2516 strare·

86 2547 157 2600 runt
171 2573 215 2586 -
228 2549 259 2601 et
272 2541 436 2603 convivium
452 2537 619 2620 publicum,
642 2556 676 2600 ac
690 2556 746 2618 par
758 2536 865 2600 urbem
881 2536 1046 2600 Saturnalia
1055 2543 1091 2595 ct

87 2621 165 2683 diem
187 2639 222 2683 ac
241 2630 359 2685 noctem
378 2622 516 2692 clamata,
537 2622 723 2702 populusque
750 2639 818 2683 eum
839 2621 918 2684 diem
938 2622 1046 2684 festum

86 2705 197 2767 habere
212 2723 247 2766 ac
261 2723 379 2767 servare
393 2707 426 2766 in
443 2712 619 2785 perpetuum
630 2707 736 2767 iussus.

149 2788 186 2847 ll.
225 2786 301 2848 Dum
330 2787 433 2850 consul
461 2788 612 2869 placandis
638 2790 749 2850 Romae
774 2788 820 2851 dis
850 2788 1072 2865 habendoquei

87 2868 197 2929 dilectu
213 2867 264 2930 dat
277 2887 414 2948 operam,
429 2870 575 2933 Hannibal
589 2870 740 2949 proiectus
755 2889 792 2931 ex
806 2870 954 2940 bibernis,
976 2870 1045 2947 quia

86 2953 146 3013 lam
157 2949 339 3014 ¹Flaminium
354 2951 505 3015 consulam
521 2955 670 3015 Arretium
690 2954 859 3033 pervenime
880 2951 958 3013 lama
972 2959 1044 3019 arat,

87 3051 155 3095 cum
169 3031 250 3095 allud
264 3032 397 3114 leupus,
416 3043 549 3098 ceterum
562 3036 745 3099 commodius
759 3035 964 3099 ostenderetur
979 3035 1074 3101 item

82 3120 256 3197 propiorem
270 3122 348 3182 viam
361 3138 417 3201 per
430 3127 569 3201 paludem
584 3132 668 3205 petit,
692 3144 748 3207 qua
764 3130 870 3189 fluvius
885 3132 982 3196 Arnus
996 3145 1051 3206 per

84 3218 136 3261 eos
159 3200 225 3263 dies
247 3202 336 3264 solito
351 3205 445 3284 magis
460 3207 666 3269 inundaverat.
705 3210 850 3290 Hispanos
866 3219 896 3272 et
909 3210 995 3282 diros
1009 3224 1076 3273 -a

84 3283 114 3347 id
137 3302 225 3347 omne
248 3290 382 3350 veterani
406 3298 470 3351 erat
491 3289 584 3352 robur
599 3295 748 3355 exercitus
761 3326 803 3351 -a
820 3294 956 3359 admixtis
970 3296 1050 3373 ipso·

84 3386 152 3438 rum
166 3370 387 3450 inpedimentis,
404 3373 513 3437 necubi
528 3378 690 3438 consistere
705 3380 816 3440 coactis
832 3381 1001 3441 necessaria
1013 3378 1050 3441 ad

85 3468 154 3513 usus
170 3454 301 3526 deescni,
318 3461 434 3538 primos
454 3461 498 3522 ire
512 3461 611 3533 iussit,
633 3462 716 3542 sequi
733 3462 843 3535 Gallos,
865 3473 898 3527 ut
911 3465 941 3527 id
957 3466 1050 3545 agmi-
