2575 4067
318 231 410 274 umas
425 234 502 274 mr.
519 232 587 274 car.
601 223 644 274 22.
666 213 705 294 [a.
724 213 834 296 (1217]
997 223 1057 286 281

90 381 322 458 circumspectis
336 379 426 456 igitur
443 378 592 449 omnibus,
612 397 688 458 quae
702 379 819 441 iortuua
832 384 984 459 potestatis
996 384 1059 444 eius

90 469 216 543 poterat
225 462 338 532 iacere,
352 461 502 523 obsidibus
511 464 695 541 potissimum
708 462 856 525 tradendis
867 467 995 527 animum
1007 466 1057 527 ad·

90 547 182 617 iecit,
196 563 261 606 eam
275 562 365 606 unam
377 562 441 606 rem
454 547 581 607 maxime
597 554 678 607 ratus
690 545 909 608 conciliaturam
920 549 1059 611 Romanis

91 629 267 710 principum
281 628 440 708 Hispaniae
455 630 621 690 amicitiam.
653 629 705 690 sed
723 648 790 691 cum
805 631 918 692 iniussu
929 632 1087 694 Bostarisa

91 712 241 794 praefecti
255 713 325 773 satis
339 713 430 773 sciret
448 712 521 773 nihil
536 711 671 774 obsidum
684 714 820 776 custodes
842 714 970 775 facturos
986 733 1058 786 esse,

91 797 252 857 Bostarem
274 797 371 874 ipsum
390 803 454 857 arte
473 795 653 874 adgreditur.
687 805 783 859 castra
801 805 884 859 extra
903 798 1008 859 urbem
1027 801 1057 860 in
1071 806 1101 858 td

91 882 162 960 ipso
183 878 269 940 litora
290 877 418 940 habebat
433 879 552 951 Bostar,
573 887 607 941 ut
626 880 736 942 aditum
759 900 793 942 ea
816 889 900 960 parte
921 882 1059 944 interclu-

93 963 184 1023 deret
198 963 347 1024 Romauis.
380 961 421 1022 ibi
432 980 499 1023 eum
515 965 546 1023 in
557 971 704 1025 secretum
716 964 875 1026 abductum
886 964 1058 1044 velutigno·

94 1054 214 1110 rautem
234 1053 349 1117 monet,
371 1063 429 1126 quo
450 1053 527 1108 statu
548 1049 586 1108 sit
602 1064 666 1109 res:
688 1057 800 1109 metum
822 1050 1000 1111 continuisse
1022 1050 1099 1111 adlt

94 1148 164 1192 eam
186 1130 264 1190 diem
279 1129 477 1208 Hispanorum
497 1131 627 1202 animos,
650 1133 717 1211 quia
738 1130 843 1212 procul
862 1132 988 1193 Romani
1007 1133 1058 1194 ab·

95 1220 212 1283 essent;
231 1230 311 1273 nunc
326 1214 368 1273 cis
383 1213 526 1274 Hiberum
542 1223 638 1276 castra
654 1215 786 1277 Romana
803 1232 881 1286 esse,
898 1233 997 1277 arcem
1013 1224 1058 1277 tu·

95 1306 158 1359 tam
173 1296 399 1377 perfugiumque
417 1314 507 1358 novas
527 1297 692 1360 volentibus
708 1317 770 1360 res:
792 1300 891 1379 itaque
907 1317 982 1379 quos
996 1318 1057 1361 me·

95 1389 145 1443 tus
161 1397 220 1441 uon
238 1386 352 1453 teneat,
369 1379 512 1441 beneflcio
524 1388 554 1442 et
567 1384 659 1460 gratia
671 1382 878 1444 devinciendos
893 1400 967 1444 esse.
1002 1385 1056 1445 mi·
1072 1391 1102 1443 12

56 1510 61 1535 ,
95 1465 176 1526 ranti
192 1465 308 1526 Bostari
322 1467 598 1545 percunctantique,
610 1464 758 1546 quodnam
772 1465 805 1526 id
816 1464 945 1527 subitum
959 1469 1071 1528 tantae

95 1550 142 1610 rei
157 1548 267 1610 donum
282 1555 381 1628 posset
396 1566 476 1618 essa,
492 1549 663 1620 „obsides“
675 1551 771 1630 inquit
791 1551 848 1621 „in
863 1551 994 1611 civitates
1008 1568 1056 1612 re·
1070 1557 1100 1610 ta

96 1633 197 1693 mitte:
220 1630 251 1691 id
265 1638 295 1692 et
314 1633 449 1711 privatim
464 1631 652 1712 parentibus,
676 1651 802 1714 quorum
819 1652 986 1696 maxumum
1004 1652 1058 1695 no·

97 1733 168 1777 men
185 1717 217 1775 in
233 1714 395 1776 civitatibus
409 1722 454 1777 est
466 1718 541 1787 suis,
558 1725 587 1777 et
602 1716 718 1797 publice
732 1717 848 1798 populis
863 1726 978 1797 gratum
991 1719 1057 1780 erit.

97 1799 158 1860 volt
173 1797 227 1859 sibi
239 1799 362 1878 quisque
374 1799 455 1860 credi
469 1807 499 1860 et
512 1799 610 1861 habita
625 1800 699 1862 fides
709 1803 803 1881 ipsam
818 1800 992 1881 plerumque
1005 1801 1057 1862 ob·
1069 1809 1100 1860 1⁴

98 1881 170 1961 ligat
184 1882 281 1943 fidem.
310 1884 505 1944 mtnisterium
526 1884 776 1945 restituendorum
792 1883 894 1945 domos
912 1884 1058 1946 obsidium

98 1967 232 2028 mihimet
244 1965 371 2045 deposco
386 1967 463 2046 ipse,
483 1973 515 2026 ut
529 1984 619 2045 opera
634 1984 751 2047 quoque
768 1968 891 2046 inpensa
903 1968 1058 2030 consilium

98 2050 231 2111 adiuvem
253 2067 352 2110 meum
375 2056 404 2110 et
426 2051 471 2110 rei
490 2057 591 2128 suapte
612 2057 717 2111 natura
738 2056 837 2128 gratae
852 2057 992 2130 quautam
1012 2053 1058 2111 in·

96 2150 187 2212 super
200 2135 324 2212 gratiam
339 2133 450 2211 possim
459 2132 614 2193 adiciam.‘⁴
643 2133 757 2193 homiui
770 2149 830 2193 non
842 2133 877 2194 ad
889 2140 987 2193 cetera
998 2133 1055 2193 Pu·
1070 2140 1101 2192 lt

98 2219 163 2278 nica
186 2218 303 2295 ingenia
319 2215 425 2277 caliido
446 2224 479 2277 ut
499 2217 659 2297 persuasit,
680 2223 768 2276 nocte
787 2215 863 2276 ciam
883 2232 1058 2293 progressus

99 2300 134 2362 ad
149 2301 277 2362 hostium
293 2301 434 2360 stationes
449 2301 601 2361 conventis
615 2298 790 2380 quibusdam
805 2297 995 2360 auxiliaribus
1006 2298 1057 2360 Bi·

99 2386 195 2464 spanis
211 2392 240 2446 et
260 2384 295 2445 ab
319 2385 366 2445 his
386 2382 423 2444 ad
440 2383 607 2464 Scipionem
629 2383 805 2463 perductus,
826 2382 897 2463 quid
919 2381 1057 2453 adferret,

100 2470 255 2547 expromit,
271 2477 300 2529 et
315 2467 372 2528 fide
388 2475 507 2547 accepta
523 2466 647 2547 dataque
664 2485 699 2528 ac
712 2466 777 2528 loco
793 2474 823 2527 et
836 2474 970 2545 tempore
985 2484 1055 2527 con·
1071 2472 1101 2527 io

99 2553 197 2612 stituto
215 2546 250 2608 ad
264 2551 381 2613 obsides
403 2550 562 2613 tradendos
576 2552 740 2631 Saguntum
760 2550 846 2612 redit.
882 2550 959 2611 diem
979 2551 1058 2611 inse·

99 2642 235 2715 quentem
258 2635 420 2715 absumpsit
435 2655 502 2697 cum
517 2636 639 2698 Bostare
659 2635 804 2697 mandatis
821 2634 857 2696 ad
878 2653 941 2696 rem
968 2651 1057 2714 agen·

100 2719 165 2779 dam
180 2718 366 2796 accipiendis.
399 2719 550 2791 dimissus,
575 2739 642 2782 cum
657 2738 689 2781 se
707 2728 793 2782 nocte
809 2720 932 2789 iturum,
958 2726 991 2780 ut
1005 2737 1055 2780 cu·
1070 2722 1098 2776 1⁷

100 2801 206 2861 stodias
220 2800 348 2861 bostium
366 2800 494 2874 falleret,
510 2804 724 2873 constituisset,
740 2803 776 2863 ad
791 2803 973 2881 conpositam
990 2819 1057 2862 cum

100 2884 135 2942 iis
150 2882 253 2942 horam
269 2884 400 2943 excitatis
415 2885 583 2946 custodibus
599 2886 760 2964 puerorum
781 2884 947 2965 proiectus,
969 2883 1058 2944 veluti

100 2965 217 3043 ignarus
230 2966 261 3024 in
277 2976 465 3044 praeparatas
476 2988 527 3030 sua
542 2968 645 3029 fraude
660 2967 779 3029 insidias
795 2966 884 3028 ducit.
913 2967 945 3026 in
963 2973 1058 3025 castra
1068 2972 1098 3023 lo

102 3048 229 3109 Romana
248 3048 397 3127 perducti:
420 3058 518 3111 cetera
541 3053 638 3113 omnia
661 3051 698 3111 de
719 3048 877 3111 reddendis
895 3047 1055 3118 obsidibus,

102 3133 174 3194 sieut
190 3150 258 3192 cum
272 3132 394 3193 Bostare
410 3135 598 3195 constitutum
617 3143 694 3204 erat,
717 3142 780 3195 acta
796 3150 850 3213 per
866 3131 992 3193 eundem
1008 3150 1056 3193 cr·

102 3216 211 3287 dinem,
229 3232 287 3297 quc
299 3217 324 3276 si
333 3216 616 3293 Carthaginiensium
632 3219 751 3279 nomine
765 3218 808 3278 sic
819 3224 965 3296 ageretur.
992 3233 1053 3276 ma·
1066 3222 1097 3275 tt

102 3299 144 3360 ior
153 3299 506 3380 aliquantcflomancrum
519 3302 612 3378 gratia
623 3300 678 3361 iuit
689 3302 760 3361 inre
772 3302 837 3379 pari
847 3318 935 3380 quam
947 3306 1055 3379 quanta

103 3383 194 3446 iutura
206 3385 491 3461 Carthaginiensium
505 3384 609 3445 iuerat.
633 3382 700 3445 iilos
712 3385 789 3445 enim
801 3385 896 3464 gravis
911 3380 1055 3464 superbos
1099 3416 1101 3419 ·

103 3467 231 3529 inrebus
252 3468 389 3530 secundis
406 3477 543 3547 expertos
563 3468 680 3530 fortuna
696 3476 726 3530 et
745 3470 834 3530 timor
849 3468 999 3546 mitigasse
1014 3467 1054 3526 ri·
