2575 4067
267 271 331 337 294
436 293 529 334 amaa
543 294 620 334 xxn.
637 294 706 336 car.
721 282 764 333 ³6.
778 282 823 334 37.
842 274 884 351 [a.
900 295 930 333 u.
947 296 973 334 e.
988 274 1055 352 538]

268 440 357 518 legati
371 458 388 500 a
402 440 506 500 Paesto
518 448 636 519 pateras
648 458 752 500 aureas
764 440 887 500 Romam
898 439 1079 500 adtulerunt
1116 443 1163 502 iis
1175 441 1254 503 dem

267 522 467 602 Neapolitanis
481 525 593 601 gratiae
607 531 707 592 actae;
722 540 827 583 aurum
841 539 902 584 non
916 530 1083 602 acceptum.

239 615 251 666 l
330 605 469 669 XXXVII.
506 607 563 667 Per
584 606 702 667 eosdem
722 605 786 666 dies
811 605 848 666 ab
869 605 998 666 Hierone
1023 606 1141 667 classis
1165 607 1251 669 Ostia

236 701 335 752 acum
350 705 457 768 magno
476 698 641 750 commeatu
662 691 795 751 accessit.
826 689 915 767 legati
934 691 1132 750 incenatum
1149 692 1248 751 intro·
1274 723 1275 756 1

268 773 347 834 ducti
361 774 535 834 nuntiarunt
549 773 670 833 caedem
685 773 715 834 C.
732 772 858 834 Flamini
873 770 1002 833 consulis
1020 776 1247 853 exercitusque
1274 779 1275 850 l

268 856 394 917 adlatam
409 857 482 917 adeo
498 874 587 934 aegre
602 856 706 917 tulisse
720 874 821 933 regem
835 855 1012 930 Hieronem,
1030 856 1178 920 utnulla
1194 876 1245 917 sua
1274 853 1275 864 ’

237 949 253 1000 a
266 941 389 1020 propria
403 940 546 1017 regnique
561 940 608 999 sui
622 938 706 1000 clade
720 941 832 1000 moveri
847 941 942 1017 magis
958 940 1102 1016 potuerit.
1141 943 1244 1020 itaque

267 1039 445 1103 quamquam
461 1021 554 1100 probe
574 1023 648 1099 sciat
662 1022 891 1100 magnitudinem
912 1022 1013 1100 populi
1025 1021 1170 1084 Romani
1193 1025 1241 1083 ad·

268 1104 480 1166 mirabiliorem
499 1122 593 1184 prope
618 1107 749 1167 adversis
767 1105 858 1166 rebus
884 1124 971 1185 quam
990 1104 1144 1168 secundis
1166 1125 1240 1172 esse,

239 1197 370 1250 atamen
383 1207 416 1250 se
432 1190 542 1262 omnia,
565 1188 671 1265 quibus
691 1208 708 1248 a
729 1189 814 1249 bonis
833 1188 1025 1265 fidelibusque
1045 1191 1147 1250 sociis
1163 1190 1240 1250 bella

268 1273 362 1334 iuvari
376 1272 504 1347 soleant,
526 1274 658 1342 misisse;
680 1291 756 1351 quiae
770 1290 807 1333 ne
822 1274 957 1351 accipere
974 1271 1110 1331 abnuant
1127 1292 1239 1351 magno

236 1366 359 1437 cupere
374 1374 407 1417 se
421 1364 522 1435 patres
536 1358 721 1436 conscriptos
742 1374 838 1416 orare.
868 1358 927 1417 iam
948 1356 1080 1415 omnium
1097 1359 1237 1433 primum

267 1442 374 1501 ominis
396 1459 484 1501 causa
503 1441 662 1501 Victoriam
683 1457 803 1499 auream
823 1437 921 1517 pondo
948 1438 1108 1499 ducentum
1140 1458 1177 1499 ac
1199 1442 1235 1498 ri·

267 1525 341 1601 ginti
352 1522 470 1584 adlerre
480 1541 561 1583 sese:
576 1525 746 1601 acciperent
758 1540 823 1582 eam
834 1530 1029 1602 tenerentque
1042 1528 1073 1582 et
1082 1521 1236 1583 baberent

236 1609 417 1687 cpropriam
438 1613 468 1666 et
488 1613 672 1684 perpetuam.
709 1607 858 1666 advexisse
885 1607 973 1665 etiam
995 1611 1132 1665 trecenta
1155 1605 1234 1665 milia

267 1688 399 1748 modium
413 1689 517 1758 tritici,
539 1689 665 1749 ducenta
680 1688 798 1759 bordei,
820 1707 858 1749 ne
878 1694 1058 1749 commeatus
1079 1687 1233 1757 deessent,

268 1780 298 1831 et
316 1778 459 1849 quantum
479 1778 633 1849 praeterea
654 1790 727 1849 opus
742 1780 832 1842 esset,
854 1790 913 1851 quo
935 1772 1090 1831 iussissent
1103 1771 1231 1832 subrec-

237 1862 359 1919 rturos.
396 1852 489 1914 milite
509 1863 597 1934 atque
619 1858 718 1935 equite
740 1858 817 1917 scire
842 1857 899 1915 nisi
920 1855 1051 1916 Romano
1072 1853 1230 1932 Latinique

267 1938 395 1998 nominis
415 1956 475 1998 non
499 1941 543 1999 uti
568 1938 710 2017 populum
736 1939 916 2005 Romanum
941 1937 1048 1997 levium
1074 1955 1228 1999 armorum

236 2019 375 2081 tanrilla
395 2023 483 2081 etiarn
506 2030 629 2082 externa
649 2022 754 2082 vidisse
773 2024 806 2082 iu
826 2022 929 2082 castris
949 2021 1105 2081 Humanisz
1131 2024 1227 2101 itaque

267 2106 383 2165 misisse
397 2104 478 2165 mille
494 2107 711 2182 sagittariorum
727 2122 762 2164 ac
776 2105 973 2173 funditorum,
993 2111 1091 2183 aptam
1106 2122 1226 2165 manum

268 2189 407 2249 adversus
437 2187 566 2250 Baliares
591 2206 626 2247 ac
648 2188 766 2249 Mauros
791 2205 999 2268 pugnacesque
1025 2187 1099 2248 alias
1124 2188 1226 2249 missili

238 2272 455 2349 neclegentes.
486 2272 523 2331 ad
546 2291 580 2331 ea
600 2272 678 2331 dona
699 2271 853 2333 consilium
874 2289 992 2351 quoque
1012 2269 1176 2341 addebant,
1196 2279 1225 2330 ut

267 2363 396 2432 praetor,
412 2356 459 2415 cui
474 2357 625 2433 provincia
636 2353 736 2416 Sicilia
747 2358 898 2424 evenisset,
913 2356 1037 2415 classem
1051 2356 1084 2414 in
1098 2357 1223 2416 Africam

169 2463 173 2468 ¹
266 2441 414 2507 traiceret,
430 2445 464 2497 ut
479 2446 509 2497 et
523 2439 623 2499 hostes
637 2440 669 2499 in
683 2446 764 2499 terra
775 2456 828 2499 sua
837 2437 947 2498 bellum
958 2437 1104 2498 haberent
1114 2440 1222 2498 minus·

266 2537 323 2597 que
342 2519 501 2581 laxamenti
521 2521 640 2581 daretur
666 2523 703 2581 iis
729 2522 765 2582 ad
791 2521 897 2582 auxilia
921 2520 1077 2582 Hannibali
1102 2520 1221 2581 submit·

217 2608 250 2657 ιο
268 2601 366 2661 tenda.
398 2603 435 2661 ab
449 2612 552 2664 senatu
573 2607 613 2663 ita
627 2622 806 2683 responsum
825 2607 890 2682 regi
912 2612 971 2666 cst:
1001 2605 1098 2665 vuum
1113 2603 1220 2664 bonurn

267 2685 476 2761 egregiumque
491 2689 604 2745 socium
617 2685 779 2747 Hieronem
794 2707 867 2757 esse,
884 2697 970 2767 atque
985 2705 1045 2748 uno
1060 2695 1172 2757 tenore,
1187 2704 1220 2746 ex

266 2785 325 2846 quo
347 2770 378 2828 in
400 2768 557 2828 amicitiam
578 2768 680 2848 populi
694 2768 818 2831 Romani
838 2774 966 2846 venerit,
987 2771 1075 2832 fldem
1098 2768 1218 2831 coluisse

266 2870 300 2911 ac
313 2870 377 2912 rem
389 2852 550 2912 Romanam
561 2854 641 2912 omni
653 2859 787 2933 tempore
798 2873 832 2915 ac
842 2856 907 2916 loco
918 2855 1057 2915 munifice
1068 2853 1216 2916 adiuvisse.

217 2934 246 2986 ll
268 2935 298 2996 id
312 2935 435 3016 perinde
447 2954 481 2996 ac
493 2936 615 2997 deberet
625 2945 743 3015 gratum
755 2939 864 3016 populo
875 2938 1009 3001 Romano
1022 2956 1097 2998 esse.
1118 2954 1217 2997 aurum

269 3035 298 3080 et
311 3039 328 3079 a
343 3020 505 3081 civitatibus
521 3021 696 3097 quibusdam
711 3020 839 3082 adlatum
854 3022 948 3100 gratia
967 3023 1014 3081 rei
1028 3028 1146 3099 accepta
1161 3038 1216 3080 nou

217 3110 248 3159 12
268 3122 416 3182 accepisse
424 3102 1216 3184 populumRomanum;Victoriamomenqueaccipere,
1274 3113 1275 3116 ’

264 3187 425 3263 sedemque
447 3190 475 3246 ei
494 3205 527 3247 se
547 3187 630 3247 divae
651 3188 722 3249 dare
743 3188 842 3248 dicare
865 3189 1054 3266 Capitolium,
1080 3186 1216 3265 templum

265 3271 340 3329 lonis
355 3272 458 3348 optimi
472 3271 601 3330 maximi.
632 3272 662 3331 in
679 3289 714 3332 ea
728 3290 796 3332 arce
811 3270 894 3332 urbis
907 3271 1057 3333 Romanae
1077 3277 1215 3331 sacratam

266 3354 412 3413 volentem
432 3355 664 3434 propitiumque,
689 3356 804 3414 firmam
824 3373 858 3415 ac
878 3353 1013 3415 stabilem
1034 3354 1098 3414 lore
1111 3352 1215 3432 populo

216 3441 247 3490 1³
262 3435 404 3496 Romano.
435 3437 600 3498 funditores
615 3439 819 3516 sagittariique
836 3446 866 3498 et
880 3439 1061 3500 frumentum
1081 3435 1213 3497 traditum
1274 3441 1275 3446 ’

264 3516 443 3576 consulibus.
459 3521 687 3595 quinqueremes
699 3519 736 3579 ad
744 3520 780 3559 *⁸
792 3523 908 3581 navium
920 3521 1055 3589 classem,
1068 3535 1211 3597 quaecum
