2575 4067
241 252 303 317 132
431 266 527 310 44444
537 266 581 309 m
597 265 666 310 oie.
680 252 724 306 ³4.
740 251 784 306 34.
800 242 841 325 [s.
854 266 886 307 4.
902 266 929 308 c.
942 240 1006 324 444]

197 414 534 477 44414444414414444
557 411 737 495 appellatum
759 409 879 483 vellem
901 410 954 474 sed
968 419 999 475 et
1012 412 1102 483 haec,
1123 430 1203 493 quae

241 498 338 559 adhuc
353 500 414 577 egi,
429 499 594 579 pervicacia
607 505 659 559 tua
673 504 704 559 et
719 495 858 577 superbia
872 498 970 575 coegit
984 515 1034 559 me
1049 494 1145 576 loqui,
1163 503 1202 566 et,

240 583 299 643 nisi
312 580 452 644 Aemiliae
466 580 525 661 legi
538 583 686 662 parueris,
712 582 744 642 iu
757 579 873 642 vincula
896 579 965 642 duci
986 579 1116 650 iubebo,
1135 597 1203 653 444,

196 667 362 728 4414444144
375 671 568 745 conparatum
579 683 597 727 a
610 663 772 727 maioribus
787 666 840 737 414,
861 672 895 727 44
909 665 1037 726 comitiis
1050 664 1202 735 censoriis,

240 751 299 812 nisi
318 748 376 811 duo
401 749 585 811 confecerint
608 747 740 828 legitima
763 748 917 827 suffragia,
946 766 1007 809 uon
1033 748 1203 810 renuntiato

241 832 334 895 altero
348 834 467 896 comitia
477 831 666 902 diiierautur,
687 849 742 912 ego
754 840 799 902 44,
822 834 873 913 qui
886 830 967 894 solus
982 849 1090 894 censor
1105 833 1204 894 444441

198 922 302 978 tenen
317 919 426 997 poesie,
453 915 550 978 solum
565 934 720 978 censuram
736 933 843 996 gerere
864 913 954 998 [non]
970 917 1096 995 patiar.“
1128 915 1204 977 haec

239 999 367 1081 taliaque
382 1018 450 1062 cum
463 1000 598 1073 dixisset,
614 999 723 1082 prendi
734 1017 891 1063 censorem
907 1007 937 1061 44
952 1000 985 1060 14
1003 997 1119 1061 4144414
1135 996 1205 1062 duci

241 1085 335 1146 iussit.
368 1082 600 1165 adprobantibus
614 1102 667 1145 sex
683 1081 811 1145 tribunis
827 1084 974 1145 actionem
995 1081 1126 1161 collegae
1140 1090 1204 1145 tres

240 1166 401 1248 appellanti
417 1167 513 1249 Appio
533 1166 641 1230 auxillo
661 1167 798 1238 fuerunt,
818 1183 993 1247 summaque
1013 1165 1123 1228 invidia
1138 1184 1204 1228 om·

240 1253 323 1313 nium
338 1251 476 1313 ordinum
489 1250 570 1314 solus
585 1268 741 1314 censueram
755 1251 856 1331 gessit.

215 1343 229 1395 1
302 1335 416 1398 XXXV.
443 1335 521 1398 Dum
540 1353 576 1397 ea
597 1334 709 1398 Romae
736 1341 896 1414 geruntur,
922 1336 983 1397 iam
1003 1335 1137 1396 Sutrium
1165 1332 1202 1395 uh

239 1418 372 1481 Etruscis
386 1416 590 1492 obsidebatur,
607 1417 779 1499 cousrtlique
791 1417 884 1480 Fabio
898 1419 966 1480 imis
983 1416 1134 1479 montibus
1147 1416 1202 1480 du-

173 1555 180 1564 ,
241 1503 321 1564 44441
336 1499 538 1564 adferendam
552 1521 640 1583 opem
655 1503 743 1564 sociis
757 1502 1001 1582 temptandasque
1011 1501 1202 1570 munitiones,

212 1585 267 1645 asi
280 1602 338 1665 qua
356 1592 471 1665 posset,
492 1588 571 1647 acies
586 1586 716 1648 hostium
737 1586 881 1647 instructa
900 1586 1046 1655 occurrit;
1072 1602 1202 1665 quorum

241 1668 393 1746 ingentem
406 1666 625 1731 multitudinem
648 1686 716 1730 cum
733 1669 904 1731 ostenderet
916 1668 1050 1730 subiecta
1063 1666 1123 1729 late
1140 1666 1204 1747 pla·

241 1751 343 1822 nities,
355 1748 473 1822 444441,
485 1759 519 1813 44
531 1749 597 1812 loco
607 1753 785 1831 paucitatem
797 1770 919 1814 suorum
934 1751 1092 1823 adiuvaret,
1110 1751 1204 1813 flectit

241 1831 392 1913 paululum
404 1835 437 1895 iu
451 1833 541 1896 clivos
556 1852 663 1914 agmen
672 1868 716 1881 -
726 1845 842 1916 aspreta
858 1843 944 1897 erant
956 1843 1049 1898 strata
1060 1836 1141 1906 saxis
1151 1869 1203 1906 —,

212 1917 411 1997 4141441344
431 1919 463 1979 iu
485 1917 602 1980 hostem
624 1916 760 1981 obvertit.
789 1919 907 1981 Etrusci
921 1919 1055 1981 omnium
1068 1926 1204 1999 praeter·

241 2019 330 2081 quam
346 2000 541 2064 multitudinis
555 2020 641 2075 suae,
661 2020 720 2083 qua
739 2001 802 2065 sola
821 2004 891 2066 ireti
905 2011 1003 2074 44444,
1020 2003 1205 2064 inmemores

240 2083 386 2164 proelium
401 2087 505 2148 144444
518 2085 593 2149 adeo
611 2088 720 2167 raptim
734 2094 765 2149 et
778 2087 875 2159 aride,
898 2094 931 2149 ut
946 2085 1068 2148 abiectis
1083 2084 1204 2147 missili-

239 2166 311 2241 hus,
326 2187 384 2252 quo
399 2167 525 2233 celerius
538 2188 644 2233 manus
661 2178 868 2242 consererent,
889 2170 1070 2248 stringerent
1088 2168 1204 2250 gladios

212 2253 380 2316 evadentes
390 2255 422 2315 in
433 2253 562 2317 hostem:
576 2254 728 2317 Romanus
739 2262 844 2316 contra
856 2271 935 2315 nunc
945 2252 1018 2326 tela,
1030 2270 1111 2316 nunc
1121 2271 1203 2325 saxa,

212 2337 349 2417 equibus
368 2355 420 2399 eos
439 2337 560 2401 adfatim
575 2336 660 2399 locus
680 2339 746 2418 ipse
759 2336 905 2409 armabat,
926 2337 1075 2417 ingerere.
1111 2337 1205 2415 igitur

239 2430 323 2481 scuta
338 2419 497 2501 galeaeque
509 2423 586 2483 14444
601 2440 670 2484 cum
693 2422 782 2483 etiam
804 2437 878 2501 quos
897 2438 959 2482 nou
975 2419 1205 2483 vulneraverant

239 2503 410 2574 ttuharent,
425 2521 523 2583 neque
536 2503 637 2567 subire
650 2511 715 2567 4444
729 2503 815 2567 144114
825 2504 863 2567 41
876 2505 1048 2585 propiorem
1062 2520 1204 2584 pugnam,

211 2591 336 2664 cneque
342 2584 465 2647 missilia
470 2585 628 2658 habebant,
642 2587 750 2666 quihus
757 2588 873 2650 eminus
878 2606 944 2650 rem
951 2595 1106 2666 gererent:
1121 2593 1204 2649 stau·

239 2673 321 2726 teset
332 2668 522 2745 expositosad
528 2670 612 2743 ictus,
620 2671 753 2733 cumiam
760 2670 1042 2751 satisnihiltegeret
1058 2670 1205 2750 quosdam

241 2750 329 2811 etiam
335 2749 622 2830 pedemreiereutes,
628 2753 879 2836 fluctuantemque
885 2763 914 2817 et
924 2753 1093 2817 instabilem
1108 2755 1205 2815 aciem

239 2834 441 2912 redintegrato
456 2834 585 2898 clamore
599 2838 709 2899 strictis
720 2837 824 2917 gladiis
835 2840 943 2901 hastati
952 2847 983 2899 et
996 2837 1148 2918 principes
1156 2837 1204 2898 iu-

212 2916 358 2980 traduut.
375 2936 443 2981 eum
453 2919 597 3001 impetum
607 2939 668 2983 nou
679 2919 941 2994 tuleruntlitrusci,
953 2921 1202 3002 versisquesignis

240 3001 309 3081 1434
326 3003 418 3064 elima
433 3012 529 3066 castra
545 3013 694 3085 repetunt.
719 3005 772 3066 sad
785 3006 898 3086 equites
912 3005 1040 3068 Romani
1054 3004 1203 3085 praerecti

239 3104 295 3165 per
305 3085 423 3167 obliqua
435 3090 532 3168 campi
544 3107 612 3151 eum
618 3106 652 3150 se
658 3087 839 3168 fugientibus
845 3088 1028 3161 obtulissent,
1044 3090 1155 3151 4441444
1165 3086 1204 3150 ad

213 3171 454 3232 ecastraitinere
470 3181 586 3233 montes
596 3179 710 3251 petunt.
732 3172 920 3237 indeiuermi
932 3192 1028 3254 paene
1039 3173 1158 3252 agmine
1169 3188 1204 3234 44

240 3262 343 3316 vexato
355 3254 524 3317 vulneribus
537 3258 569 3317 iu
580 3255 684 3319 silram
698 3256 853 3319 Gimlnim
862 3264 1060 3337 penetratum.
1092 3256 1201 3319 noma·

240 3356 296 3398 nus
317 3338 418 3401 multis
438 3339 557 3403 milibus
572 3341 764 3403 Etruseorum
786 3342 893 3414 eaesis,
912 3339 1203 3422 duodequadraginta

241 3420 332 3493 signis
343 3421 518 3485 militaribus
529 3425 638 3504 captis,
657 3426 762 3487 castris
773 3424 860 3487 etiam
870 3426 1000 3487 hostium
1011 3443 1079 3487 cum
1091 3421 1203 3505 praeda

242 3501 484 3582 lugentipotiurr.
506 3513 570 3569 tum
577 3507 615 3570 de
625 3507 832 3589 persequendo
843 3510 928 3571 hoste
939 3510 1046 3590 agitari
1053 3514 1202 3588 coeptum.
