2575 4067
283 252 376 297 nmen
390 254 432 297 rx.
450 253 518 297 our.
533 240 577 296 dn.
594 230 633 316 [a.
650 235 685 298 Ο.
702 241 764 298 806.
780 233 843 318 80⁴]
981 240 1042 304 lit

79 403 169 473 cavit,
186 408 363 481 coactusque
374 418 520 462 consensu
534 399 634 481 populi
646 401 798 465 Cornelius
808 401 953 464 Barbatus
964 419 1038 484 pon·

79 487 152 548 tifex
169 485 315 546 mammos
328 483 418 545 rerba
432 486 563 564 praeire,
582 501 650 547 cum
661 503 745 547 more
756 485 901 547 maiorum
917 496 1041 565 negaret

77 571 137 631 nisi
150 566 303 630 consulem
320 575 371 629 aut
391 568 600 648 imperatorem
619 585 707 648 posse
729 566 870 648 tempium
892 567 1039 631 dedicare.

77 655 178 733 itaque
200 669 236 713 ex
258 652 430 713 auctoritato
447 658 566 713 senatus
589 649 681 713 latum
701 651 737 712 ad
757 650 899 731 populum
921 659 982 722 est,
1003 662 1067 715 ner

76 738 144 818 quis
160 733 303 815 templum
319 752 436 796 aramve
448 735 558 795 iniussu
578 742 697 796 senatus
711 742 760 797 aui
774 733 962 796 tribunorum
977 733 1040 816 ple·

74 820 126 882 bei
140 820 235 899 pariis
248 820 368 881 maloris
383 815 542 879 dedicaret.

141 901 228 964 Haud
245 899 469 964 memorabilem
484 919 548 962 rem
566 918 622 981 per
638 918 684 970 ee,
700 902 757 962 nisi
773 900 983 965 documentum
1000 906 1066 965 site

74 987 219 1049 adversus
233 984 403 1066 superbiam
418 983 561 1046 nobilium
573 983 705 1064 plebeiae
719 983 877 1058 libertatis,
900 987 1038 1049 referam.

73 1071 113 1135 ad
130 1068 274 1146 collegam
296 1086 418 1147 aegrum
438 1068 550 1129 risendi
568 1086 655 1129 causa
675 1066 790 1130 illarius
811 1088 879 1133 oum
900 1072 1068 1139 venissent)

72 1170 283 1232 consensuque
304 1150 447 1213 nobilium
466 1150 709 1222 adulescentium,
736 1154 787 1231 qul
801 1152 842 1214 ibi
855 1152 1037 1225 adsidebant,

72 1237 282 1301 adsurrectum
297 1237 324 1296 ei
335 1252 396 1297 non
414 1244 500 1314 esset,
517 1233 649 1296 curulem
661 1235 772 1296 adferri
786 1234 887 1297 sellam
904 1254 939 1298 eo
954 1238 1039 1299 iussit

73 1340 110 1382 ac
125 1319 199 1382 sede
214 1319 335 1380 honoris
351 1320 397 1380 sui
412 1320 514 1381 anxios
528 1318 637 1379 invidia
652 1319 787 1379 inimicos
802 1321 952 1398 spectarit.

140 1404 279 1466 Ceterum
295 1400 427 1465 Flavium
444 1401 558 1464 dixerat
573 1400 697 1463 aedilem
718 1402 845 1464 lorensis
869 1403 965 1476 factio,
982 1405 1036 1486 ip.
1049 1409 1080 1464 io

70 1487 191 1551 claudii
208 1504 333 1547 censura
347 1487 424 1559 vires
436 1492 534 1556 nacta,
550 1487 600 1565 qui
611 1493 744 1547 senatum
760 1488 872 1567 primus
884 1487 1038 1550 libertino·

70 1590 144 1633 rum
152 1569 219 1631 filiis
233 1569 315 1630 lectis
329 1570 534 1648 inquinaverat
540 1577 578 1641 et,
590 1578 780 1649 posteaquam
795 1589 859 1633 eam
876 1571 1034 1634 lectionem
1049 1577 1076 1631 ii

70 1672 165 1717 nemo
181 1660 276 1714 ratam
289 1651 402 1725 habuit,
417 1670 472 1714 nec
488 1654 519 1713 in
535 1653 616 1714 curia
629 1652 754 1732 adeptus
770 1663 842 1726 erat,
858 1674 931 1735 quas
944 1657 1037 1737 petie·

70 1745 123 1801 rat
134 1756 206 1818 opes
218 1735 361 1807 urbanas,
378 1735 537 1797 humilibus
552 1753 607 1815 per
615 1753 716 1797 omnes
726 1737 820 1799 tribus
830 1738 927 1800 divisis
939 1740 1037 1802 iorum

72 1831 106 1884 et
119 1839 256 1900 campum
273 1822 414 1899 corrupit.
445 1826 616 1898 tantumque
631 1820 721 1881 Flavii
744 1823 861 1884 comitIa
877 1822 1035 1901 indignim·
1047 1827 1080 1880 in

70 1908 113 1968 tie
131 1905 312 1975 babuerunt,
328 1913 361 1964 ut
375 1902 509 1982 plerique
523 1900 667 1963 nobilium
681 1903 783 1964 anulos
798 1922 903 1966 aureos
919 1913 949 1966 et
964 1906 1036 1986 pire·

70 1992 155 2050 ieras
169 1987 360 2068 deponerent.
387 2004 423 2047 ex
443 2004 478 2046 eo
500 1993 634 2063 tempore
654 1987 685 2046 ln
706 1986 778 2047 duas
793 1996 892 2065 partes
903 1988 1036 2051 discessit
1047 1994 1079 2046 13

73 2073 194 2133 civitas:
215 2069 294 2132 aliud
314 2073 430 2148 integer
449 2068 575 2149 populus
597 2067 694 2128 fautor
715 2076 745 2129 et
764 2068 860 2129 cultor
881 2068 1035 2141 bonorum,

72 2155 155 2219 aliud
170 2153 296 2215 forensis
311 2153 399 2215 iaetio
414 2150 544 2222 tenebat,
562 2150 656 2211 donee
671 2150 705 2221 Q.
720 2149 827 2212 Fabius
842 2158 872 2211 et
885 2151 918 2212 P.
931 2153 1035 2213 Decius
1049 2160 1078 2211 14

74 2256 216 2302 censores
231 2238 317 2308 iacti,
337 2245 367 2298 et
386 2235 509 2304 Fabius,
531 2233 617 2295 simul
633 2233 809 2294 concordiae
831 2251 932 2305 cansa,
950 2235 1035 2294 simul

72 2341 114 2387 ne
130 2320 362 2384 humillimorum
377 2322 408 2380 in
424 2336 515 2380 manu
528 2318 645 2378 comitia
661 2324 773 2388 essent,
797 2333 915 2379 omnem
937 2316 1035 2377 loren-

73 2426 140 2469 sem
155 2405 271 2468 turbam
287 2411 436 2467 excretam
454 2403 486 2462 in
508 2407 645 2481 quattuor
664 2400 760 2463 tribus
781 2401 922 2471 coniecit,
947 2399 1035 2463 urba-

73 2508 188 2571 nasque
203 2507 253 2550 eas
270 2487 432 2570 appellavit.
466 2485 596 2565 adeoque
613 2504 679 2547 eam
696 2504 760 2547 rem
776 2492 926 2564 acceptam
943 2486 1032 2564 graiis
1045 2492 1078 2544 io

73 2575 181 2637 animis
197 2574 303 2644 ierunt,
319 2578 351 2633 ut
367 2569 485 2632 Maxlmi
499 2586 674 2646 cognomen,
687 2570 766 2650 quod
780 2577 823 2632 tot
832 2570 962 2631 victoriis
975 2588 1035 2632 non

73 2666 243 2739 pepererat,
261 2657 317 2717 bac
338 2653 475 2715 ordinum
497 2655 711 2733 temperatione
722 2659 850 2735 pareret.
880 2652 1035 2716 abeodem

73 2742 242 2804 institutum
257 2739 379 2808 dicitur,
400 2745 433 2797 ut
450 2738 563 2817 equites
579 2737 675 2801 idibus
690 2735 883 2810 Quinctilibus
903 2745 1034 2803 aranne-

70 2825 228 2888 herentur.
