2575 4067
321 279 415 323 omne
428 281 472 323 rx.
496 279 564 323 oar.
579 269 621 321 34.
641 262 681 343 [a.
698 264 732 327 0.
746 264 809 347 ato]
985 272 1047 339 1³1

80 425 258 505 interregno
274 428 403 507 quinque
418 425 533 490 dierum
548 435 720 491 contentum
736 428 802 491 lore
821 433 925 511 potest
958 453 1046 516 quem

79 507 148 570 clavi
161 509 283 589 figendi
294 517 344 571 aot
358 509 496 573 ludorum
508 528 595 574 causa
606 511 779 574 dIctaiorem
791 514 931 578 audacter
943 523 1045 582 cressi

77 609 161 671 quam
184 595 240 654 isti
263 593 386 655 stolidos
410 611 445 656 ac
466 594 608 657 socordes
631 596 726 657 rideri
751 595 871 660 creditis
896 616 961 672 eos,
994 605 1046 682 qui
1057 611 1089 665 it

76 674 149 736 intra
165 678 348 739 vicesimum
364 677 442 739 diem
457 677 625 758 ingentibus
640 679 729 741 rebus
750 682 841 758 gostis
855 681 1000 745 dictatura
1014 703 1046 747 se

77 757 310 831 abdicaverant,
338 769 390 822 aut
413 764 466 842 qui
490 763 559 824 vitio
585 763 678 825 creati
699 763 835 827 abierunt
854 767 1046 846 magistratui

77 842 142 919 quid
159 861 220 923 ego
243 846 365 926 antiqua
386 847 538 925 repetam?
569 864 666 927 nuper
680 848 759 909 intra
784 848 887 910 decem
903 867 996 912 annos
1011 852 1041 914 C.
1056 860 1087 911 li

75 920 212 989 Maenius
229 927 373 1000 dictator,
388 930 471 1009 quia,
486 947 561 993 ,cum
586 931 773 1011 quaestiones
792 933 936 1003 severius,
956 953 1044 1014 quam

76 1008 259 1086 quibusdam
287 1012 457 1092 potentibus
485 1020 580 1076 tutum
604 1023 683 1086 mat,
713 1025 879 1087 exerceret,
909 1019 1045 1097 contagio

75 1092 150 1164 eius,
167 1094 256 1175 quod
271 1096 433 1175 quaerebat
452 1098 532 1178 ipse,
548 1099 681 1159 criminis
696 1096 842 1161 obiectata
857 1098 894 1161 ab
915 1101 1044 1164 inimicis

77 1183 131 1246 est,
150 1185 184 1238 ut
202 1180 338 1257 privatam
355 1179 471 1250 obviam
491 1182 549 1242 iret
566 1182 700 1255 crimini,
723 1181 868 1244 dictatura
882 1200 915 1244 se
927 1182 1044 1247 abdica·

75 1259 122 1319 rit.
151 1261 228 1322 nolo
247 1279 302 1340 ego
317 1264 402 1325 istam
425 1266 457 1326 in
471 1272 503 1325 te
523 1264 712 1326 modestiam:
733 1282 772 1325 ne
786 1265 1012 1344 degeneraveris
1027 1275 1086 1330 aio

76 1339 184 1406 ismiiia
197 1347 446 1425 imperiosissima
457 1355 488 1409 et
501 1346 726 1426 superbissima:
748 1365 808 1410 non
819 1348 882 1420 dle,
899 1367 959 1412 non
970 1350 1043 1413 bora

77 1426 168 1498 citius,
186 1447 282 1509 quam
294 1447 415 1493 necesse
427 1440 479 1502 est,
496 1432 669 1510 magistratu
680 1430 797 1502 abieris,
810 1432 947 1494 modone
958 1451 1043 1495 exce·

76 1507 125 1570 das
140 1512 266 1574 linitum
283 1520 408 1594 tempus.
421 1561 423 1564 -
437 1516 508 1577 satis
524 1523 634 1576 estant
656 1514 734 1576 dlem
752 1523 803 1577 aut
819 1533 952 1578 mensem
972 1535 1041 1578 cen·
1054 1524 1087 1578 to

76 1606 162 1656 turae
184 1597 326 1658 adiceret
346 1599 524 1670 triennium,
546 1599 657 1678 inquit,
689 1606 720 1660 et
740 1617 792 1661 sex
811 1618 929 1663 menses
955 1599 1042 1672 ultra,

77 1692 163 1754 quam
179 1679 255 1742 licet
266 1680 389 1743 Aemilia
403 1680 484 1762 iege,
500 1699 776 1763 censuramgeram,
791 1693 821 1745 et
834 1683 914 1747 solus
929 1701 1041 1765 geram.

78 1756 133 1821 boc
146 1764 272 1843 quidem
282 1765 341 1825 iam
353 1782 446 1845 regno
460 1765 556 1828 simile
571 1773 624 1828 est.
655 1783 693 1828 an
703 1765 846 1848 collegam
857 1767 1040 1850 subrogabis,
1054 1776 1084 1828 ii

79 1859 165 1920 quem
188 1866 232 1910 ne
253 1847 451 1911 indemortui
470 1849 589 1929 qisidem
608 1848 707 1913 locum
732 1849 888 1930 subrogari
916 1852 960 1914 las
981 1853 1042 1914 esti

79 1931 211 2003 paenitet
227 1934 321 2003 enim,
339 1932 419 2013 quod
435 1933 670 2013 antiquissimum
685 1932 829 1996 sollemne
843 1944 873 1995 et
894 1934 989 1997 solum
1004 1934 1041 1997 ab
1052 1941 1083 1996 la

79 2008 157 2087 ipso,
180 2015 232 2078 cui
248 2015 295 2086 tlt,
324 2017 489 2078 institutum
510 2016 581 2086 deo,
602 2015 639 2078 ab
659 2015 850 2080 nobilissimis
863 2017 1042 2080 antistitibus

81 2095 140 2156 clus
157 2099 240 2162 sacri
254 2098 292 2162 ad
306 2116 458 2162 servorum
473 2100 671 2161 ministerium
692 2097 848 2178 religiosus
868 2115 976 2161 censor
991 2100 1042 2162 de·

82 2174 204 2252 duxisti,
232 2199 305 2262 gens
323 2184 472 2263 antiquior
490 2181 655 2261 originibus
673 2180 756 2243 urbis
781 2181 884 2251 buius,
912 2181 1085 2260 hospitum

81 2258 205 2327 deorum
221 2265 420 2328 inmortalium
436 2275 550 2338 sancta,
567 2272 691 2345 propter
704 2271 735 2326 te
745 2281 780 2325 ac
791 2270 872 2324 tuam
886 2279 1042 2327 censuram

82 2344 158 2409 intra
175 2367 288 2411 annum
308 2348 345 2411 ab
365 2351 458 2430 stirpe
479 2351 606 2411 extincta
626 2356 686 2418 est,
713 2348 770 2409 nisi
789 2346 957 2408 umtersam
976 2363 1041 2408 rem

83 2429 231 2505 publicam
241 2451 277 2495 eo
292 2432 406 2495 nelarie
417 2433 627 2502 obstrinxeris,
653 2430 732 2512 quod
745 2430 872 2493 omlnari
891 2431 980 2493 etiam
992 2447 1041 2492 re·

83 2509 221 2579 lormidat
235 2519 360 2579 animus.
390 2516 462 2579 urbs
481 2534 516 2579 eo
530 2516 623 2578 lustro
642 2522 728 2595 capta
746 2521 805 2587 est,
825 2532 899 2594 quo,
922 2513 1084 2576 domos-20

84 2599 131 2657 luo
146 2599 262 2680 collega
275 2601 307 2666 C.
322 2600 395 2662 lulio
410 2618 548 2672 censore,
563 2601 596 2663 L.
607 2600 744 2680 Papirius
755 2599 879 2671 Cursor,
893 2616 931 2660 ne
946 2598 1042 2662 abiret

84 2684 270 2760 magistratu,
286 2682 325 2746 ii.
343 2683 512 2746 Cornelium
529 2683 761 2764 Maluginensem
776 2681 920 2763 collegam
934 2682 1041 2746 subro-

85 2767 166 2837 gavit.
199 2776 229 2828 et
242 2776 353 2847 quomo
367 2767 528 2830 modestior
542 2767 621 2831 illius
638 2768 783 2849 cupiditas
800 2767 857 2830 luit
875 2786 963 2847 quam
979 2776 1038 2839 tua,
1049 2774 1081 2826 21

85 2843 176 2927 Appii
193 2868 250 2911 neo
265 2850 346 2913 solus
360 2868 417 2912 nec
430 2851 508 2914 ultra
519 2851 634 2913 finitum
648 2850 715 2929 loge
728 2858 845 2930 tempus
859 2851 892 2911 L.
907 2851 1042 2928 Papirius

86 2943 239 2996 censuram
255 2936 354 3013 gessit.
385 2942 484 2998 tamen
503 2937 653 2997 neminem
674 2934 799 3002 invenit,
826 2933 877 3010 qul
892 2950 924 2992 se
939 2938 1042 3009 postea

87 3024 233 3079 auctorem
248 3025 437 3098 sequeretrn3
454 3036 557 3081 omnes
575 3017 715 3095 deinceps
729 3030 868 3075 censores
881 3021 949 3092 post
962 3030 1042 3073 mor·

86 3100 142 3160 tem
157 3100 288 3180 codegae
307 3120 340 3164 se
358 3104 531 3182 magistratu
551 3101 734 3164 abdicarunt.
772 3106 801 3160 te
813 3113 869 3158 neo
885 3095 963 3176 quod
979 3095 1086 3157 dean

88 3182 142 3245 exit
156 3203 315 3257 censurae,
338 3204 395 3249 nec
409 3186 488 3266 qnod
502 3184 615 3263 collega
630 3184 804 3261 magistratu
817 3179 901 3250 abiit,
924 3197 979 3242 nec
994 3177 1042 3240 lex

88 3278 139 3328 nec
152 3269 249 3349 pudor
271 3277 403 3333 coercet:
438 3271 577 3330 virtutem
590 3270 622 3328 in
636 3265 789 3345 superbia,
813 3266 845 3325 in
860 3263 995 3334 audacia,
1010 3265 1042 3324 in

88 3354 383 3435 contemptudeorum
394 3350 712 3430 hominumqueponis.
737 3355 837 3426 egote,
848 3346 1038 3426 AppiCiaudi,
1051 3353 1086 3408 23

88 3446 138 3508 pro
154 3439 239 3500 istius
253 3440 443 3521 magistratus
453 3438 605 3499 maiestate
620 3451 655 3494 ac
666 3430 858 3502 verecundia,
873 3448 962 3510 quem
976 3448 1042 3511 ges·

88 3515 161 3592 aisti,
176 3541 238 3583 non
252 3523 340 3584 modo
354 3540 443 3585 manu
457 3520 611 3593 violatum,
631 3516 684 3579 sed
702 3534 741 3579 ne
753 3515 844 3578 uerbo
859 3515 977 3595 quidem
996 3518 1040 3579 ln·

792 3602 836 3668 9*
