2575 4067
253 260 346 302 amna
362 261 431 305 vru.
449 259 517 302 our.
533 248 576 304 28.
592 247 635 303 29.
655 238 694 323 [e.
711 242 746 305 (l.
760 248 820 305 820.
833 242 894 319 bibl
1012 249 1053 312 ru

88 408 246 469 incuriam
258 407 392 488 patribus
403 407 565 472 laceratum
576 411 689 473 iuvenis
697 420 814 490 tergum
826 409 1053 489 procumbentes

87 491 123 552 ad
139 491 328 570 singulorum
341 492 432 572 pedes
447 493 642 556 ostentabant.
672 496 779 556 rictum
794 512 830 555 eo
846 494 894 555 die
909 493 946 556 ob
967 497 1081 577 lupo-8

85 583 200 637 tentem
218 577 355 638 iniuriam
368 578 454 638 unius
465 579 569 658 iugens
580 577 728 640 vinculum
740 578 825 648 lidei;
840 579 969 658 lusslque
981 597 1051 640 cou-

83 658 166 721 sules
177 659 259 720 terre
271 659 308 722 ad
319 659 476 741 populum,
493 679 531 722 ue
542 664 625 742 quis,
638 663 695 724 nist
706 663 757 743 qul
768 680 875 724 noxam
887 665 1050 734 meruisset,

84 742 184 805 donec
196 761 325 824 poenam
342 743 450 817 lueret,
475 747 507 806 in
518 744 701 827 conpedibus
716 754 765 808 aut
778 748 810 808 ln
827 763 919 807 nervo
936 756 1051 808 tenere·

82 836 150 900 tur,
167 830 313 907 pecuniae
328 829 458 890 creditae
479 828 557 891 bona
572 828 729 902 debitoris,
754 848 815 892 nou
837 846 946 910 corpus
960 829 1080 896 obus-9

81 914 165 974 rium
183 920 271 974 esset.
301 914 341 974 ita
357 914 426 974 nexi
447 913 548 985 soluti,
571 922 747 995 cautumque
767 917 799 975 ln
823 920 991 995 posterum,
1014 932 1052 976 ne

80 1003 290 1058 necterentur.
724 1030 727 1038 ·

149 1080 252 1142 xxlx.
279 1080 391 1142 Eodem
402 1099 481 1142 anuo
492 1100 560 1143 cum
572 1083 643 1144 satis
655 1100 709 1162 per
721 1100 753 1143 se
764 1084 862 1162 ipsum
874 1083 1075 1144 Samnitiuml

8 1229 9 1232 ,
79 1164 199 1227 bellum
214 1174 244 1225 et
264 1164 390 1227 delectio
411 1182 521 1245 repens
534 1166 722 1228 Lucanorum
743 1175 937 1245 auctoresque
951 1165 1050 1227 delec-

79 1251 175 1310 tionis
193 1249 346 1310 Tarentini
365 1247 505 1311 solllcltos
529 1248 675 1312 baberent
693 1259 807 1329 patres,
830 1251 953 1311 accessit
972 1256 1051 1311 utet

8 1387 10 1402 ζ
77 1332 223 1395 Vestinus
242 1332 369 1413 populus
384 1332 564 1397 Samnitibus
586 1352 651 1396 sese
672 1335 875 1413 coniungeret.
905 1352 980 1415 quae
999 1345 1076 1395 rest

78 1419 161 1479 siout
177 1434 214 1477 eo
229 1435 307 1478 anuo
323 1418 510 1479 sermonibus
524 1419 618 1498 magis
637 1419 746 1499 passim
767 1418 922 1480 homiuum
943 1419 1048 1480 iactata

77 1502 221 1647 lilium
235 1500 1048 1649 liltitblllbiiiilmiitti,ti

77 1668 165 1731 nulla
184 1670 266 1749 prior
287 1671 443 1750 potiorque
456 1672 517 1732 risa
531 1678 589 1742 est,
613 1670 651 1732 de
665 1689 723 1752 qua
745 1670 782 1732 ad
797 1680 931 1734 senatum
954 1634 1048 1733 refers

8 1785 9 1790 κ
77 1764 163 1820 rent,
189 1763 220 1814 et
237 1771 414 1834 quamquam
430 1771 489 1816 non
504 1772 578 1816 nora
598 1761 740 1826 reserat,
765 1762 862 1817 tamen
883 1763 963 1817 tanta
978 1761 1077 1817 curat

8 1861 9 1872 ¹
77 1847 186 1918 patres
195 1838 332 1907 incessit,
357 1846 390 1899 ut
413 1840 523 1918 pariter
548 1857 613 1901 earu
637 1849 803 1919 susceptam
824 1838 1048 1919 neglectamque

77 1925 242 1991 timerent,
258 1938 296 1983 ne
311 1929 367 1990 aut
374 1923 523 2001 inpunitas
534 1941 637 1984 eorum
652 1922 770 1986 lascivia
785 1922 982 2003 superbiaque
998 1931 1048 1984 aut

77 2004 163 2067 bello
178 2022 292 2085 poenae
304 2007 449 2086 expetitae
463 2015 544 2068 metu
558 2007 725 2086 propinquo
739 2015 827 2085 atque
839 2007 884 2067 ira
895 2007 1048 2068 concirent

77 2090 224 2151 finitimos
240 2088 373 2170 populos.
402 2096 433 2151 et
449 2099 513 2151 erat
526 2107 620 2169 genus
634 2106 722 2149 omne
737 2088 855 2150 abunde
871 2088 950 2149 bebo
962 2090 1073 2152 Sam-4

78 2172 195 2236 nitibus
210 2191 278 2253 par,
294 2173 383 2235 blersi
396 2172 588 2253 Paelignique
604 2180 633 2233 et
647 2172 821 2241 Marrucini,
841 2189 931 2252 quos,
953 2173 979 2232 si
992 2172 1047 2233 Ve-

79 2260 179 2318 stinus
195 2258 401 2337 attingeretur,
424 2274 528 2318 omnes
546 2255 698 2319 habendos
716 2255 825 2317 hostes.
859 2256 929 2315 vicit
945 2262 1071 2315 tamena

79 2360 169 2422 pars,
188 2359 264 2421 quae
278 2343 310 2402 in
323 2343 492 2421 praesentia
505 2340 599 2402 videri
612 2340 708 2420 potuit
723 2339 843 2400 maioris
857 2339 948 2399 animi
958 2356 1047 2417 quam

81 2423 215 2494 consilii:
230 2425 282 2486 sed
293 2433 415 2487 eventus
427 2424 527 2487 docuit
538 2425 631 2487 fortes
642 2425 790 2485 lortunam
801 2424 911 2485 iurare.
936 2421 1074 2484 bellumo

82 2528 120 2571 ex
142 2510 316 2570 auctoritate
338 2517 457 2589 patrum
480 2510 606 2590 populus
630 2509 770 2572 adversus
793 2508 928 2569 Vestinos
952 2508 1045 2569 lussit.

82 2593 236 2675 provincia
251 2610 286 2653 ea
298 2593 407 2664 Bruto,
424 2594 577 2657 Samnium
593 2592 716 2658 Camlllo
731 2601 812 2654 sorte
830 2594 934 2655 evenit
962 2600 1073 2654 exer-t

82 2679 160 2738 citus
175 2683 302 2757 utroque
318 2676 413 2749 ducti,
429 2686 459 2740 et
472 2696 543 2741 cura
554 2678 732 2740 tuendorum
745 2677 848 2739 bulum
861 2678 962 2740 hostes
975 2695 1045 2757 pro·

81 2761 170 2822 hibiti
197 2762 377 2840 coniungere
400 2779 491 2824 arma.
523 2770 656 2824 ceterum
677 2761 801 2823 alterum
839 2760 989 2824 consulem
1009 2762 1073 2822 L.8

83 2845 222 2915 Furium,
238 2846 287 2907 cui
297 2846 392 2907 maior
401 2844 495 2907 moles
504 2864 607 2908 rerum
617 2846 744 2925 inposita
755 2853 834 2915 erat,
846 2844 951 2907 morbo
962 2846 1045 2922 gravi

82 2926 250 3008 inplicitum
268 2928 387 2991 fortuna
406 2927 485 2991 bello
510 2929 669 2997 subtraxit:
694 2930 850 3008 iussusque
870 2928 1071 2988 dictatorems

84 3012 185 3073 dicere
197 3014 242 3074 rei
257 3012 404 3092 gerendae
416 3030 504 3077 causa
518 3013 606 3093 longe
618 3012 813 3074 clarissimum
827 3009 906 3071 bello
922 3027 956 3069 ea
970 3018 1044 3071 tem·

81 3104 197 3176 pestate
212 3097 284 3158 dixit
298 3096 331 3157 L.
343 3098 492 3177 Papirium
504 3098 674 3168 Cursorem,
690 3116 706 3159 a
721 3114 779 3177 quo
790 3092 824 3164 Q.
837 3092 945 3155 Fabius
954 3092 1044 3153 blaxi-

83 3199 150 3244 mus
169 3179 321 3243 Rullianus
348 3180 488 3258 mag‘mter
508 3182 639 3260 equitum
661 3188 707 3241 est
731 3179 838 3249 dictus,
866 3196 921 3257 par
943 3174 1042 3237 nobile
1055 3182 1088 3235 10

83 3264 174 3327 rebus
188 3267 221 3328 iu
236 3284 271 3326 eo
286 3266 459 3343 magistratu
474 3265 578 3341 gestis,
593 3263 740 3325 discordia
754 3271 866 3331 tamen,
883 3278 940 3337 qua
951 3278 1044 3340 prope

83 3350 120 3411 ad
135 3348 272 3411 ultimum
288 3347 483 3411 dimicatiords
502 3354 621 3409 rentum
644 3354 702 3416 est,
723 3344 860 3407 nobilius.
890 3343 926 3405 ab
949 3343 1041 3405 altero
1054 3352 1084 3404 11

85 3432 257 3495 consulein
277 3431 404 3494 Vestinis
424 3429 579 3512 multiplex
601 3429 712 3491 bellum
738 3448 794 3491 nec
820 3447 944 3509 usquam
964 3431 1044 3491 vario

85 3526 191 3579 eventu
204 3525 319 3597 gestum
334 3527 387 3578 est.
416 3535 485 3579 uam
501 3525 530 3578 et
544 3516 720 3596 pervastavit
733 3533 819 3596 agros
833 3521 862 3575 et
876 3513 1044 3594 populando
