2575 4067
238 219 299 282 192
438 233 531 274 arnna
544 233 575 274 x.
591 231 660 275 cnr.
675 218 718 273 39.
734 220 778 275 40.
790 211 831 294 [c.
845 235 877 276 n.
892 235 919 277 c.
933 212 994 295 iol]

237 379 327 441 tando
348 396 433 441 sacro
452 380 542 439 mixta
563 378 717 440 bominum
737 379 944 460 pecudumque
965 380 1056 443 caede
1078 398 1202 463 resper-

236 482 300 536 sus,
322 463 444 543 ancipiti
458 462 547 524 deum
562 464 625 523 irae
641 461 776 536 devotus,
797 464 867 524 binc
886 462 1041 526 loederum
1056 482 1123 526 cum
1137 463 1200 527 Ro·

196 555 226 608 17
238 547 333 610 manis
355 548 483 608 ictorum
505 553 596 607 testes
617 545 703 617 deos,
729 546 798 608 hino
818 547 892 609 iuris
916 546 1034 608 iurandi
1058 546 1200 611 adversus

236 630 358 692 foedera
378 631 508 708 suscepti
529 630 732 692 execrationes
749 630 892 700 horrens,
920 631 1029 692 inritus
1047 631 1197 703 iuraverit,

236 714 332 776 oderit
342 720 573 783 sacramentum,
585 730 645 776 uno
655 720 790 795 tempore
802 712 872 775 deos
884 708 1066 775 clveshosies
1076 722 1197 777 metuat.

209 806 221 856 1
295 796 355 859 XL.
390 797 470 859 Haec
495 803 636 877 conperta
664 797 855 876 peringarum
884 795 1001 859 indiciis
1025 815 1093 859 cum
1118 799 1198 878 apud

235 881 366 943 iniensos
379 881 439 942 lam
450 897 503 941 sua
517 892 622 959 sponte
635 878 743 941 milites
758 880 959 951 disserulsset,
980 879 1067 942 simul
1083 880 1197 944 dirime

235 966 439 1044 humanaeque
463 965 528 1043 spei
548 962 630 1043 pleni
644 962 777 1041 clamore,
789 964 986 1025 consentienti
997 981 1128 1043 pugnam
1142 983 1197 1045 po·

236 1056 337 1117 scunt;
357 1047 487 1127 paenitet
502 1048 535 1107 in
548 1054 701 1126 posterum
716 1047 794 1108 dlem
809 1046 932 1108 dilatum
946 1056 1111 1116 certamem
1133 1065 1198 1109 mo·

206 1141 299 1192 aram
311 1131 370 1192 diei
380 1131 533 1209 noctisque
543 1129 678 1191 oderunt.
706 1132 794 1191 tertia
804 1129 902 1209 vigilia
913 1131 1009 1191 noctis
1022 1133 1081 1191 iam
1095 1130 1198 1194 relatis

234 1214 342 1277 litteris
362 1232 379 1274 a
400 1212 514 1291 collega
526 1213 663 1292 Papirius
687 1212 804 1274 silentio
826 1215 921 1293 surgit
939 1221 968 1274 et
987 1212 1146 1294 pullarium
1164 1216 1197 1276 in

207 1298 397 1379 campicium
418 1298 516 1357 mittit.
548 1295 661 1358 nullum
677 1304 741 1358 erat
762 1314 856 1376 genus
875 1298 1030 1359 hommum
1045 1298 1198 1359 incastris

235 1383 377 1444 intactum
395 1379 555 1460 cupiditate
575 1397 707 1459 pugnae,
736 1382 844 1443 summi
863 1380 1015 1461 intimique
1036 1398 1127 1460 aeque
1147 1382 1196 1441 in-

234 1468 308 1528 tenti
323 1471 422 1535 erant;
447 1463 506 1526 dux
519 1462 660 1534 militum,
681 1462 766 1526 miles
781 1463 864 1526 ducis
880 1464 1017 1526 ardorem
1036 1462 1197 1544 spectabat

206 1560 223 1608 4
236 1552 262 1612 is
273 1549 362 1611 ardor
373 1548 504 1610 omnium
515 1549 604 1609 etiam
615 1548 652 1609 ad
665 1549 1197 1629 eos,quiauspiel01ntererant,per·

233 1634 322 1694 venit.
340 1650 421 1693 vnam
432 1650 500 1693 cum
511 1630 585 1711 pulli
594 1649 656 1692 non
666 1639 867 1710 pascerentur,
879 1630 1023 1712 pullarius
1034 1632 1196 1711 auspicium

205 1724 222 1776 o
233 1717 352 1777 mentiri
361 1733 448 1778 ausus
458 1714 620 1794 tripudium
631 1713 807 1777 solistimum
818 1714 932 1778 consuli
943 1716 1093 1777 nuntiarit.
1122 1731 1196 1776 con·

233 1798 280 1863 sul
293 1799 387 1862 laetus
402 1800 565 1880 auspicium
581 1800 734 1878 egregium
746 1818 810 1861 esse
825 1806 855 1859 et
870 1799 933 1861 deis
948 1798 1118 1861 auctoribus
1130 1815 1198 1859 rem

207 1890 369 1962 egesturos
379 1883 564 1962 pronuntiat,
579 1883 755 1963 signumque
771 1900 888 1962 pugnae
902 1885 1051 1963 proponit.
1079 1883 1199 1944 exeunti

233 1970 292 2027 iam
307 1966 385 2028 torte
401 1967 434 2027 in
444 1966 538 2027 aciem
549 1968 665 2028 nuntiat
677 1966 801 2047 perfuga
813 1968 917 2046 viginti
932 1966 1070 2028 cohortes
1081 1966 1194 2028 Samni·

233 2051 309 2110 tium
325 2084 364 2096 -
386 2048 649 2130 quadringenariae
667 2051 762 2113 ierme
783 2059 867 2112 erant
885 2050 1108 2112 -Cominium
1127 2067 1197 2129 pro·

233 2134 335 2195 lectas.
355 2132 479 2213 quodne
490 2134 642 2213 ignoraret
650 2133 771 2213 collega,
785 2133 932 2214 extempio
942 2134 1080 2195 nuntium
1091 2134 1197 2202 mliiit;

233 2219 297 2298 ipse
312 2219 396 2296 signa
412 2218 494 2278 oclus
508 2218 638 2297 proferri
653 2216 750 2287 iuben
772 2218 960 2298 subsidiaque
981 2218 1041 2280 suis
1063 2233 1197 2296 quaeque

205 2301 304 2363 clocis
322 2308 353 2361 ei
364 2299 531 2379 praefectos
545 2300 685 2363 subsidiis
706 2301 895 2363 adtribuerat.
927 2301 1031 2362 dextro
1054 2317 1147 2361 cornu
1161 2300 1196 2362 L.

233 2384 435 2457 Volumnium,
452 2385 571 2445 sinistro
582 2385 615 2446 L.
629 2385 813 2465 Scipionem,
831 2383 978 2465 equitibus
991 2383 1104 2462 legatos
1114 2382 1195 2453 aiios,

205 2468 267 2529 SC.
283 2467 451 2530 Caedicium
472 2475 502 2528 et
525 2468 558 2529 Τ.
577 2467 774 2541 Trebonium,
796 2468 948 2549 praeiecii.
991 2468 1041 2547 Sp.
1057 2466 1197 2529 Nautium

234 2549 330 2611 mulos
350 2550 489 2611 detractis
509 2549 625 2613 clitellis
647 2569 714 2613 cum
735 2556 753 2595 *
774 2551 945 2613 cohortibus
959 2550 1066 2633 ‚dauns
1092 2551 1124 2610 ln
1150 2560 1196 2611 tu·

234 2631 346 2694 mulum
356 2640 548 2711 conspectum
561 2651 690 2712 propere
701 2635 923 2698 circumducere
934 2633 1016 2698 iubet
1028 2642 1115 2715 atque
1126 2633 1197 2695 lnde

233 2718 312 2777 inter
325 2718 419 2796 ipsam
432 2715 650 2779 dimIcationem
662 2725 770 2798 quanio
785 2721 912 2783 maxime
924 2726 1025 2800 posset
1035 2725 1116 2779 moto
1129 2715 1197 2796 pnl-

204 2808 302 2862 9vere
318 2798 485 2860 ostendere.
515 2797 585 2866 dum
600 2800 648 2864 his
659 2802 790 2865 intentus
804 2804 966 2884 imperator
978 2809 1055 2873 erat,
1072 2800 1196 2862 alterca-

234 2885 276 2947 tio
298 2886 377 2946 luter
397 2881 539 2964 pullarios
559 2891 624 2946 orta
646 2885 683 2946 de
704 2889 833 2967 auspicio
848 2888 911 2949 eius
927 2885 987 2948 diei
1002 2884 1197 2963 exauditaque

234 2968 272 3031 ab
296 2966 443 3050 equitibus
464 2967 619 3040 Romanis,
645 2971 696 3050 qui
721 2988 786 3032 rem
811 2971 890 3033 baud
917 2968 1114 3050 spernendam
1138 2968 1196 3028 rati

235 3053 287 3134 Sp.
304 3053 438 3133 Papirio,
462 3050 563 3114 fratris
577 3051 636 3114 illio
653 3052 796 3126 consulis,
820 3054 930 3134 ambigi
952 3053 988 3116 de
1002 3052 1131 3133 auspicio
1145 3067 1195 3110 re·

191 3140 227 3196 lo
236 3139 455 3199 nuntiaverunt.
499 3137 612 3198 iuvenis
630 3145 699 3198 ante
720 3137 885 3199 doctriuam
907 3137 978 3199 deos
1003 3139 1196 3217 spernentem

234 3229 322 3283 natus
334 3239 399 3282 rem
418 3219 602 3299 inquisitam,
625 3219 751 3302 nequid
773 3222 981 3301 inconpertum
993 3218 1138 3289 deferret,
1157 3216 1196 3278 ad

192 3309 224 3363 11
235 3303 386 3366 consulem
402 3302 514 3365 detulit.
543 3305 591 3365 cui
607 3303 671 3366 ille:
686 3312 745 3377 „tu
761 3304 881 3385 quidem
895 3312 990 3366 macic
1005 3304 1112 3364 virtute
1129 3300 1196 3361 dili·

235 3388 391 3467 gentlaque
408 3387 483 3448 estol
505 3395 637 3450 ceterum
655 3390 706 3467 qui
729 3390 859 3467 auspicio
880 3388 977 3460 adest,
1001 3384 1113 3465 siquid
1129 3382 1197 3446 falsi

236 3470 365 3540 nuntiat,
379 3471 410 3529 in
425 3472 626 3550 semetipsum
645 3471 818 3552 religionem
834 3473 953 3552 recipit:
979 3469 1053 3532 mihi
1075 3466 1196 3550 quidem
