2575 4067
211 209 272 272 232
391 225 484 268 rmore
497 227 562 269 xxr.
578 226 648 272 oar.
664 213 707 267 83.
723 215 765 266 34.
785 205 825 288 [e.
840 228 872 270 a.
888 230 915 270 c.
934 209 997 290 aab]

213 387 283 432 vero
298 371 386 434 amu
401 371 438 433 n
452 373 587 436 numu
600 372 689 436 amu
709 372 745 434 aa
760 374 914 454 iniquitate
931 374 1066 436 locorum
1081 376 1189 442 roem
1281 350 1283 390 ³

213 455 473 535 oppugnabantur,
489 455 614 537 plusque
623 459 702 518 inter
716 458 810 535 ipsos,
823 456 880 518 sibl
891 476 1008 538 quoque
1022 459 1185 532 tendente,

211 546 244 600 ut
259 538 391 618 periculo
405 543 488 620 prius
503 541 655 610 eraderet,
671 557 759 619 quam
774 558 842 601 cum
854 540 988 602 hostibus
1002 544 1188 604 certaminis

184 629 287 685 derat
319 625 387 705 equi
402 625 528 686 max'rnm
542 624 684 686 iniectum
698 640 805 701 agmen
819 623 980 695 iaciebant,
1001 626 1053 705 qui
1068 636 1099 686 et
1116 626 1184 688 cla·

212 705 345 770 moribus
355 707 489 779 dissonis
501 726 575 788 quos
585 725 709 769 nemora
723 709 812 768 etiam
822 725 1074 789 repercussaeque
1086 708 1184 770 valles

212 789 375 869 augebant,
397 793 494 852 territi
517 791 718 871 trepidabant,
739 798 769 850 et
791 792 844 851 icti
864 792 941 852 lorte
957 800 1007 853 aut
1027 791 1182 854 uulnerati

213 872 287 935 adeo
302 873 584 953 consternabantur,
607 883 641 935 ut
659 881 788 951 stragem
811 875 964 952 ingentem
975 875 1066 935 simul
1077 875 1180 936 homi·

183 965 201 1015 ⁷
212 974 283 1018 num
311 975 346 1018 ac
366 959 549 1019 sarcinarum
570 959 667 1021 omnis
688 958 805 1033 generis
826 957 975 1028 iacerent;
1006 957 1180 1038 multosque

213 1038 309 1111 turba,
324 1059 391 1102 oum
402 1042 578 1120 praecipites
589 1041 733 1118 deruptae
743 1041 891 1120 utrimque
902 1043 1053 1119 angustiae
1064 1049 1178 1111 essent,

213 1125 245 1184 in
259 1125 426 1185 inmensum
441 1123 601 1185 altitudime
615 1123 736 1193 deiecit,
758 1122 900 1202 quosdam
916 1133 945 1184 et
962 1135 1106 1193 armatum
1122 1124 1178 1186 sed

214 1208 317 1271 rrrinae
327 1208 468 1270 maximae
482 1207 567 1268 modo
578 1209 710 1268 iumenta
732 1223 799 1266 cum
814 1205 955 1268 oneribus
979 1206 1178 1269 devolveban-

188 1297 274 1352 sstur.
310 1308 385 1371 quae
403 1307 581 1371 quamquam
599 1289 686 1350 foeda
706 1289 770 1349 visu
794 1296 893 1359 erant,
912 1291 993 1351 stetit
1012 1309 1179 1371 parumper

215 1383 315 1435 tamen
329 1374 475 1436 Hannibal
491 1392 525 1437 ac
540 1391 609 1436 suos
624 1373 783 1442 continuit,
804 1390 843 1432 ne
857 1372 1015 1435 tumultum
1031 1392 1066 1436 ae
1081 1376 1177 1453 trepi-

187 1457 364 1519 ddationem
384 1466 515 1536 augeret.
554 1456 676 1527 deinde,
700 1464 856 1535 postquam
867 1457 1045 1536 interrumpi
1066 1475 1176 1536 agmen

216 1540 287 1602 vidit
308 1539 531 1621 periculumque
545 1558 626 1612 esse,
650 1557 689 1602 ne
704 1547 824 1601 erutum
838 1540 1048 1620 inpedimentis
1061 1543 1174 1602 exerci-

216 1635 279 1685 tum
297 1623 473 1702 nequiquam
489 1622 668 1686 incolumem
678 1622 868 1694 traduxisset,
892 1622 1023 1685 decurrit
1037 1643 1073 1685 er
1087 1642 1176 1705 supe·

217 1708 297 1767 rlore
311 1704 376 1765 loco
391 1714 436 1776 et,
454 1724 523 1767 cum
539 1708 652 1785 impetu
666 1705 730 1785 ipso
743 1705 867 1767 fudisset
880 1707 1010 1778 hostem,
1025 1709 1087 1769 suis
1101 1726 1175 1787 quo·

176 1796 210 1851 10
220 1807 278 1870 que
293 1788 448 1850 tumultum
468 1791 556 1851 auxit.
592 1790 645 1851 sed
660 1790 685 1850 is
703 1789 845 1851 tumrultus
863 1799 1014 1852 momento
1033 1793 1177 1869 temporis

218 1879 372 1954 postquam
383 1871 508 1935 liberata
521 1875 627 1935 itinera
639 1876 708 1952 luga
718 1880 926 1935 montanorum
937 1884 1031 1945 erant,
1046 1874 1176 1946 sedatur,

218 1975 275 2019 nec
289 1975 344 2036 per
359 1959 451 2020 otium
472 1958 575 2030 modo,
597 1957 650 2019 sed
665 1975 759 2036 prope
774 1957 890 2019 silentio
911 1975 981 2019 mox
996 1975 1101 2019 omnes
1117 1967 1176 2018 tra·

179 2047 208 2103 11
221 2042 310 2103 ducti.
347 2041 499 2105 castellum
513 2042 596 2114 inde,
612 2041 693 2121 quod
712 2048 799 2120 caput
819 2042 881 2103 eius
895 2042 1025 2120 regionis
1040 2049 1120 2113 erat,
1137 2043 1177 2102 u‘·

219 2124 359 2207 culosque
378 2128 584 2188 circumiectos
606 2125 698 2203 capit,
720 2131 750 2184 et
774 2131 859 2204 capto
874 2126 938 2187 cibo
958 2143 994 2186 ac
1016 2125 1177 2205 pecoribus

217 2229 273 2292 per
288 2210 417 2272 triduum
429 2212 589 2272 exercitum
606 2208 691 2279 aluit,
709 2215 751 2279 et,
764 2209 833 2288 quia
846 2227 904 2270 nec
918 2211 1067 2270 montanis
1080 2209 1178 2288 primo

218 2293 362 2375 perculsis
377 2291 509 2356 necloco
519 2310 627 2372 magno
639 2309 729 2371 opere
739 2292 979 2371 inpediebantur,
995 2291 1177 2373 aliquantum

220 2398 255 2440 eo
271 2377 369 2439 triduo
384 2378 446 2439 viae
461 2377 597 2438 coniecit.

195 2468 209 2520 1
284 2460 409 2522 XXXIV.
451 2461 627 2521 Perventum
654 2459 723 2519 inde
745 2458 782 2519 ad
807 2459 992 2537 frequentem
1017 2458 1172 2521 cultoribus

221 2542 324 2613 alium,
341 2552 374 2605 ut
387 2545 465 2604 inter
477 2552 648 2614 montanos,
664 2540 815 2622 populum.
841 2541 883 2602 ibi
897 2548 958 2602 nou
969 2541 1047 2604 bello
1061 2550 1169 2619 aperto,

220 2625 272 2686 sed
287 2627 347 2685 suis
362 2624 489 2694 artibus,
506 2625 610 2686 fraude
626 2633 656 2686 et
670 2624 798 2695 insidiis,
822 2635 867 2685 est
886 2643 981 2706 prope
995 2627 1170 2686 circumven-

191 2718 276 2771 2tus.
309 2724 418 2785 magno
432 2716 503 2768 natu
518 2709 669 2787 principes
689 2706 876 2769 castellorum
898 2717 1028 2770 oratores
1048 2706 1084 2768 ad
1097 2706 1171 2768 Poe·

221 2812 293 2854 num
307 2792 443 2862 veniunt,
460 2790 562 2853 aliems
577 2791 677 2864 malls,
700 2790 765 2852 utili
781 2791 928 2870 exemplo,
951 2792 1052 2853 doctos
1064 2808 1173 2853 memo·

220 2885 320 2941 rantes
346 2875 504 2938 amicitiam
531 2875 619 2938 malle
645 2894 734 2958 quam
762 2877 820 2936 rim
848 2877 978 2956 experiri
994 2875 1174 2945 Poenorum

191 2964 318 3044 titoque
329 2959 522 3022 oboedienter
536 2962 679 3041 imperata
689 2959 832 3028 lecturos:
845 2967 1041 3020 commeatum
1052 2958 1176 3020 innuis

221 3064 278 3127 que
300 3046 390 3108 duces
414 3043 499 3106 etad
526 3045 615 3104 fldem
644 3044 858 3124 promissorum
878 3041 996 3103 obsides
1021 3045 1176 3123 acciperet

191 3129 365 3194 ruannrbar
385 3146 442 3190 nec
456 3135 570 3189 temere
586 3125 767 3189 credendum
784 3145 840 3187 nec
855 3126 1074 3205 aspernandum
1089 3110 1178 3195 ratus(

221 3233 259 3276 ne
274 3213 422 3294 repudiati
439 3220 540 3293 aperte
562 3212 662 3274 hostes
680 3212 797 3282 fierent,
823 3209 952 3288 benigne
974 3228 1041 3271 cum
1055 3227 1176 3290 respon·

221 3299 320 3369 disset,
337 3296 498 3369 obsidibus,
511 3315 584 3377 quos
596 3295 714 3368 dabant,
727 3295 854 3374 acceptis
865 3302 895 3354 et
901 3302 1077 3365 commeatu,
1092 3311 1176 3373 quem

221 3383 252 3442 in
266 3385 342 3444 viam
356 3383 414 3461 ipsi
428 3380 603 3461 detulerant,
619 3399 700 3452 usus,
718 3396 903 3458 nequaquam
915 3386 948 3439 ut
958 3378 1037 3438 inter
1051 3385 1176 3457 pacatos,

193 3465 373 3545 aconposito
389 3469 506 3543 agmine
524 3465 615 3526 duces
630 3484 733 3528 eorum
750 3464 891 3542 sequitur.
931 3462 1059 3543 primum
1074 3476 1177 3539 agmen
