2575 4067
232 251 274 316 64
372 263 465 307 nmen
479 263 549 308 vnr.
566 261 634 305 cer.
652 249 694 303 13.
711 249 752 302 14.
770 238 810 321 [a.
824 263 856 301 u.
871 257 896 300 c.
911 246 972 299 416.
985 237 1047 318 417]

196 420 224 473 lo
234 430 398 494 magnaque
410 430 497 492 saepe
510 413 557 473 usi
568 411 653 481 estis;
672 409 759 471 vultis
777 408 911 489 exemplo
925 409 1071 468 maiorum
1083 425 1194 486 augere

233 514 298 558 rem
318 496 481 559 Romanam
504 498 595 558 u‘ctos
619 496 652 555 in
673 494 818 555 civitatem
845 492 1030 573 accipiendo:
1067 493 1194 553 materia

234 580 386 641 crescendi
402 598 457 660 per
476 597 621 641 summam
644 577 768 658 gloriam
787 576 963 658 suppeditat.
992 584 1073 637 certe
1090 574 1120 636 id
1142 576 1195 637 fir·

234 664 396 726 ruissImum
414 663 502 745 longe
519 664 677 744 imperium
689 671 747 733 est,
771 680 828 742 quo
844 660 1034 722 oboedientes
1054 658 1194 737 gaudent

193 756 223 809 17
236 748 288 810 sed
302 756 447 811 maturato
465 767 540 828 opus
557 755 615 817 est,
638 745 779 827 quidquid
794 753 922 807 statuere
936 744 1043 825 placet.
1075 749 1121 803 tot
1140 761 1195 824 po·

233 832 318 912 pulos
332 834 410 895 inter
431 850 514 913 spenr
528 839 698 909 metumque
718 847 877 910 suspensos
897 830 987 891 animi
1012 826 1141 898 habetis,
1165 835 1198 888 et

233 925 360 978 vestram
375 919 473 997 itaque
489 916 525 977 de
542 917 584 976 eis
603 932 705 975 curam
720 932 808 995 quam
827 915 957 993 primum
978 910 1088 974 absolvi
1107 921 1137 973 et
1156 908 1195 973 ll·

233 999 331 1063 lorum
345 1002 473 1072 animos,
497 999 566 1061 dum
587 1000 790 1078 expectatione
803 1005 935 1078 stupent,
958 1014 1011 1058 seu
1030 1013 1128 1075 poena
1140 1013 1195 1058 seu

193 1091 226 1144 18
237 1082 380 1147 beneflcio
395 1085 607 1164 praeoccupari
622 1089 749 1163 oportet.
782 1089 917 1144 nostrum
932 1081 988 1142 init
1004 1080 1138 1152 efficere,
1161 1087 1196 1141 ut

234 1170 365 1230 omnium
382 1187 483 1230 rerum
498 1167 580 1229 vobis
601 1166 639 1229 ad
654 1165 867 1228 consulendum
888 1173 1016 1245 potestas
1032 1173 1121 1235 esset,
1143 1182 1195 1225 re·

234 1261 329 1315 strum
344 1262 390 1315 est
404 1254 579 1323 decernere,
595 1250 675 1332 quod
686 1251 829 1332 optimum
843 1249 925 1311 vobis
941 1250 1044 1329 reique
1058 1245 1196 1329 publicae

203 1343 218 1395 1
234 1338 302 1399 sit.“
324 1336 397 1400 XIV.
412 1337 565 1418 Principes
576 1345 695 1398 senatus
706 1334 879 1397 relationem
892 1332 1021 1395 consulis
1032 1332 1069 1393 de
1079 1350 1195 1395 summa

234 1439 336 1484 rerum
351 1420 487 1492 laudare,
504 1419 570 1492 sed,
590 1438 658 1481 cum
673 1419 798 1481 aliorum
810 1436 896 1480 causa
912 1416 968 1479 alia
984 1424 1075 1487 esset,
1090 1417 1131 1477 ita
1143 1434 1194 1477 ex·

234 1504 330 1584 pediri
344 1523 431 1584 posse
447 1503 602 1565 consilium
615 1504 729 1575 dicero,
745 1512 777 1564 ut
789 1521 845 1583 pro
859 1504 965 1563 merito
981 1502 1122 1580 cuiusque
1135 1508 1196 1561 sta·

204 1597 221 1645 2
236 1594 386 1658 tueretur,
404 1589 428 1647 si
443 1588 479 1649 de
494 1588 615 1666 singulis
630 1588 803 1648 nominatim
818 1587 967 1648 referrent
986 1584 1112 1665 populis.
1146 1602 1195 1645 re·

236 1671 328 1732 latum
349 1673 439 1749 igitur
459 1671 496 1733 de
517 1671 641 1750 singulis
662 1670 881 1751 decretumque.
915 1669 1074 1731 Lanuvinis
1094 1669 1196 1729 civitas

235 1755 303 1817 data
316 1773 457 1835 sacraque
475 1774 527 1817 sua
542 1755 658 1815 reddita
674 1772 742 1815 cum
756 1774 807 1824 eo,
823 1763 856 1815 ut
871 1753 958 1815 aedes
972 1753 1115 1832 lucusque
1126 1751 1196 1813 Sos·

234 1841 314 1918 pitae
334 1839 455 1901 lunonis
475 1841 639 1900 communis
653 1838 811 1899 Lanuvinis
830 1836 1028 1918 municipibus
1053 1855 1121 1898 cum
1141 1854 1196 1916 pc·

207 1921 307 2003 dpulo
318 1923 451 1985 Romano
472 1931 558 1984 esset.
591 1924 704 1984 Aricini
718 1923 953 2002 Nomentanique
970 1929 1000 1982 et
1016 1920 1128 1982 Pedani
1145 1940 1196 1982 eo·

207 2006 304 2068 odem
325 2009 404 2077 iure,
430 2026 487 2087 quo
503 2007 660 2077 lanuvini,
682 2008 713 2066 in
735 2007 880 2067 civitatem
900 2007 1023 2084 accepti.
1054 2002 1197 2066 Tuscula·

235 2091 282 2151 nis
295 2100 409 2152 servata
424 2093 539 2162 civitas,
558 2110 646 2172 quam
661 2090 822 2162 habebant,
840 2091 1011 2170 crimenque
1025 2087 1196 2149 rebellionis

206 2180 252 2236 da
272 2174 389 2255 publica
403 2175 506 2237 lraude
529 2176 559 2236 in
579 2193 689 2254 paucos
711 2182 845 2236 auctores
865 2192 993 2235 versum.
1025 2174 1056 2233 iu
1073 2171 1193 2233 Veliter-

235 2276 304 2330 nos,
334 2267 449 2320 reteres
477 2262 554 2321 cives
573 2258 738 2330 Romanos,
765 2258 843 2338 quod
864 2259 972 2319 totiens
992 2255 1194 2327 rebellassent,

236 2344 363 2421 grauiter
378 2346 534 2406 saevitum:
551 2351 580 2404 et
596 2344 674 2404 muri
689 2342 807 2412 deiecti,
825 2349 855 2402 et
868 2348 987 2403 senatus
1001 2340 1072 2402 iude
1085 2340 1195 2401 abduc·

208 2432 296 2498 etue,
311 2429 441 2507 iussique
458 2436 540 2489 trans
554 2426 686 2489 Tiberim
699 2426 847 2497 habitare,
873 2435 907 2487 ut
928 2428 1005 2498 eius,
1027 2426 1078 2504 qui
1089 2426 1132 2485 cis
1146 2423 1196 2484 Ti·

235 2510 331 2572 berim
344 2511 545 2589 deprehensus
556 2518 647 2580 esset,
668 2529 761 2590 usque
772 2510 810 2572 ad
820 2509 900 2571 mille
913 2528 1032 2590 passum
1043 2507 1195 2587 clarigatio

237 2602 383 2653 essetnec
397 2596 479 2672 prius
491 2613 579 2674 quam
590 2612 659 2654 aere
673 2593 822 2672 persoluto
839 2596 878 2666 is,
896 2595 946 2674 qui
958 2595 1097 2673 cepisset,
1113 2600 1197 2654 extra

209 2683 224 2732 7
237 2675 351 2736 vincula
364 2684 480 2755 captum
491 2676 623 2738 haberet.
656 2678 687 2737 in
699 2695 801 2756 agrum
814 2685 984 2739 senatorum
995 2677 1092 2738 coloni
1103 2677 1196 2749 missi,

237 2758 342 2839 quibus
356 2758 511 2841 adscriptis
521 2763 651 2840 speciem
663 2763 800 2841 andquae
815 2762 997 2841 frequentiae
1008 2760 1136 2822 Velitrae
1148 2779 1197 2821 re·

209 2848 389 2923 sceperunt.
422 2853 451 2906 et
464 2845 582 2906 Antium
603 2863 677 2907 nova
694 2844 807 2907 colonia
828 2847 918 2907 missa
931 2862 999 2906 cum
1016 2863 1066 2916 eo,
1087 2851 1121 2906 ut
1136 2847 1196 2906 An-

235 2927 355 2989 tiatibus
371 2930 605 3007 permitteretur,
627 2931 664 2990 si'
677 2937 707 2990 et
726 2930 782 3008 ipsi
803 2928 932 2991 adscribi
953 2927 1051 2989 coloni
1069 2926 1196 2996 relleut3

235 3029 324 3073 naves
334 3012 403 3073 inde
415 3011 519 3091 longae
531 3013 665 3082 abactae,
678 3012 926 3094 interdictumque
936 3014 1012 3074 mari
1022 3012 1131 3074 Antiati
1142 3029 1198 3091 po·

207 3094 305 3175 apulo
318 3104 374 3167 est,
388 3104 417 3157 et
429 3099 528 3157 civitas
540 3096 616 3157 data.
636 3096 775 3158 Tiburtes
784 3096 1027 3177 Praenestinique
1038 3114 1109 3175 agro
1120 3094 1199 3156 mul·

235 3181 302 3251 tati,
323 3198 420 3261 neque
436 3180 473 3241 ob
494 3198 599 3241 recens
619 3188 732 3242 tautum
754 3180 925 3243 rebellionis
946 3198 1103 3242 commune
1127 3197 1197 3240 cum

237 3261 300 3323 aliis
314 3263 425 3325 Latinis
441 3265 569 3333 crimen,
587 3263 639 3327 sed
655 3264 735 3345 quod
747 3265 843 3328 taedio
860 3266 978 3346 imperii
987 3264 1114 3327 Romani
1128 3282 1198 3325 curn

196 3345 342 3413 10Gallis.
365 3357 452 3425 gente
469 3349 601 3420 efferata,
623 3367 704 3411 arma
724 3350 872 3430 quondam
889 3350 1117 3411 consociassent.
1147 3365 1197 3408 ce·

236 3431 308 3490 teris
318 3429 429 3494 Latinis
440 3432 555 3513 populis
564 3433 690 3496 conubia
702 3436 938 3514 commerciaque
946 3441 976 3495 et
984 3432 1108 3495 concilia
1118 3434 1198 3493 inter

237 3529 268 3573 se
279 3511 461 3575 ademerunt.
485 3516 648 3597 Campanis,
662 3520 793 3598 equitum
803 3519 926 3580 honoris
938 3536 1033 3590 causa,
1049 3518 1118 3598 quia
1128 3533 1197 3577 curu
