2575 4067
238 217 299 281 160
399 227 494 271 mna
506 228 538 269 x.
554 224 624 269 car.
641 212 684 268 12.
698 211 740 268 13.
756 204 796 286 [a.
810 225 842 267 n.
858 226 884 266 c.
899 208 961 269 iod.
976 198 1039 283 iot]

237 394 305 437 curn
327 373 443 436 modico
464 371 611 454 praesidio
640 369 822 451 reliquisset,
851 369 989 450 expedito
1013 366 1131 446 egum
1157 365 1197 428 ad

208 457 457 538 edepopulandos
476 457 606 518 bostium
625 454 700 515 lines
712 453 831 517 incedit
861 454 961 515 omnia
978 451 1059 513 lerro
1073 449 1197 529 ignique

236 536 785 621 uastantunpraedaeundiqueaetae.
808 535 971 598 necsqum
982 533 1199 596 moderantum

238 625 315 688 hosti
334 623 488 694 relictum,
511 621 565 684 sed
586 618 712 683 castellis
729 621 816 681 etiarn
835 620 966 699 vicisque
980 616 1088 679 inlatus
1102 617 1198 695 ignis:

237 707 361 771 urbibus
375 705 578 788 oppugnandis
591 709 803 784 temperatum,
815 704 849 764 in
863 720 936 782 quas
953 703 1042 763 timor
1055 698 1201 761 corneos

210 790 421 873 econpulerat.
466 790 519 852 Gn.
535 786 629 850 llrlrii
651 785 780 848 consulis
799 785 880 848 clara
899 802 999 865 pugna
1020 785 1053 845 in
1076 783 1202 845 Samrdo

238 874 276 936 ad
292 875 453 936 Bovianum
474 871 701 951 haudquaquam
721 867 876 949 ambiguae
889 868 1031 930 victoriae
1047 866 1112 928 init.
1138 866 1201 927 Bo·

238 959 357 1020 vianum
378 956 448 1017 inde
470 955 626 1034 adgressus
646 970 702 1015 nec
723 954 764 1014 ita
784 951 877 1015 multo
896 959 965 1032 post
980 949 1153 1013 amoenam
1172 950 1202 1010 vi

238 1060 273 1103 ce
293 1043 325 1102 lt

213 1132 225 1183 ι
273 1060 376 1186 plllll.
404 1120 516 1184 Eodem
532 1138 610 1183 anno
624 1116 777 1183 Carseolos
795 1118 910 1179 colonia
923 1119 956 1179 in
970 1134 1074 1197 agrurn
1089 1117 1202 1196 Aequi·

239 1206 374 1269 culorum
385 1205 518 1267 deducte.
544 1203 662 1265 Fulvius
676 1200 779 1263 consati
793 1202 831 1263 de
842 1200 1022 1264 Samnitibus
1032 1200 1201 1279 triumpha·

212 1292 290 1353 trit.
316 1308 384 1352 curn
398 1289 516 1349 comitia
528 1285 693 1349 consularia
706 1286 858 1357 instarent,
877 1285 956 1346 iama
977 1290 1080 1345 exorta
1094 1283 1202 1345 Etrus·

211 1380 291 1435 aces
315 1373 519 1450 Samnitesque
540 1371 676 1448 Ingentes
698 1367 888 1430 conscribere
914 1369 1077 1429 exercitus:
1101 1365 1202 1446 palarn

240 1454 377 1517 omnibus
392 1452 523 1514 conciliis
537 1454 637 1514 senari
652 1451 802 1532 principes
817 1450 1025 1520 Etruscorum,
1042 1449 1123 1530 quod
1139 1468 1202 1511 non

241 1537 339 1600 Gallos
355 1552 539 1616 quacumque
552 1535 727 1595 condicione
742 1534 886 1595 traxerint
899 1533 936 1595 ad
950 1532 1076 1603 bellunm
1100 1534 1202 1595 incre·

240 1621 306 1699 pari
329 1619 516 1695 magistratus
545 1618 734 1688 Samnitium,
762 1616 841 1695 qnod
868 1618 1032 1679 exercitum
1059 1615 1202 1677 adversus

213 1702 391 1763 ebucanum
404 1700 520 1761 bostem
537 1707 729 1778 conparatum
743 1698 908 1760 obiecerint
923 1700 1081 1769 Romanis;
1100 1700 1202 1780 itaque

241 1783 301 1845 suis
315 1783 521 1861 sociorumque
533 1781 643 1844 viribus
665 1799 845 1860 consurgere
858 1783 958 1844 bostes
974 1783 1011 1844 ad
1026 1781 1157 1854 bellum,
1174 1791 1203 1844 et

215 1864 466 1945 shaudquaquam
480 1867 546 1944 pari
564 1863 783 1945 delungendum
797 1883 862 1927 esse
872 1867 1044 1929 certamine.
1073 1866 1125 1927 bic
1140 1873 1201 1928 ter·
1280 1901 1281 1906 κ

241 1971 301 2023 ror,
325 1970 393 2014 curn
408 1951 547 2013 inlustres
560 1953 616 2012 riri
630 1952 815 2015 consulatum
830 1963 976 2032 peterent,
999 1970 1104 2015 omnes
1118 1956 1152 2014 in
1168 1953 1202 2025 Q.

241 2034 363 2098 Fabium
379 2037 538 2097 ldaximnm
557 2038 655 2115 primo
669 2053 728 2097 non
743 2044 910 2114 petentem,
930 2036 1053 2107 deinde,
1068 2043 1103 2098 ut
1116 2035 1203 2098 incli-

212 2128 307 2181 cnata
322 2120 418 2181 studia
432 2119 515 2188 uidit,
531 2121 618 2180 etiam
633 2126 820 2180 recusantem
832 2123 990 2181 convertit:
1010 2120 1082 2196 quid
1094 2138 1128 2180 se
1142 2122 1202 2181 ianr

243 2223 345 2268 senem
361 2226 395 2269 ac
409 2206 597 2288 perfunctum
611 2204 762 2268 laboribus
781 2203 975 2287 laborumque
988 2205 1132 2285 praemiis
1145 2202 1203 2268 sol·

244 2290 409 2351 licitarenti
447 2308 503 2352 nec
529 2291 662 2370 corporis
687 2306 743 2351 nec
769 2289 860 2349 animi
888 2291 1020 2369 vigorem
1045 2305 1203 2351 remanere

244 2372 385 2445 eundem,
402 2381 432 2434 et
445 2373 594 2435 fortunam
609 2375 703 2453 ipsam
718 2373 828 2443 vereri,
845 2390 884 2433 ne
898 2374 946 2433 cui
963 2371 1089 2434 deorum
1111 2373 1201 2433 nimia
1279 2411 1280 2444 q

244 2456 303 2514 iarn
317 2455 393 2516 inse
408 2463 438 2516 et
453 2458 647 2527 constantior,
663 2473 750 2536 quam
764 2453 854 2517 velint
867 2454 1014 2517 humanae
1023 2472 1089 2526 res,
1106 2455 1200 2516 ridea-

218 2542 302 2593 ntur.
333 2542 410 2597 etse
424 2537 536 2614 gloriae
552 2541 702 2600 seniorum
718 2536 917 2608 subcrevisse,
940 2546 970 2600 et
984 2538 1022 2600 ad
1039 2556 1125 2600 suam
1141 2536 1201 2617 gio·

245 2617 319 2675 riam
343 2628 555 2697 consurgentes
579 2621 652 2682 aiios
679 2620 787 2682 laetum
813 2623 955 2702 aspicere.
992 2639 1050 2684 nec
1072 2621 1202 2683 bonores

244 2713 368 2774 magnos
392 2700 559 2764 fortissimis
586 2705 657 2764 viris
684 2702 795 2765 Rornae
825 2722 881 2766 nec
906 2704 1071 2768 bonoribus
1101 2705 1202 2767 deesse

219 2778 339 2842 sfortes
354 2783 441 2845 siros.
476 2784 599 2847 acuebat
614 2786 669 2848 bac
689 2785 891 2849 moderatione
909 2796 970 2850 tam
992 2790 1070 2851 iusta
1090 2788 1199 2856 smne:

245 2880 320 2942 quae
335 2867 511 2930 verecundie
524 2867 622 2950 legum
637 2869 847 2949 restinguenda
860 2879 957 2942 ratus,
969 2870 1068 2951 legem
1083 2871 1200 2934 recitari

243 2946 341 3018 iussit,
357 2967 414 3029 qua
429 2954 508 3014 intra
519 2953 620 3016 decem
634 2970 728 3016 annos
741 2952 867 3015 eundem
878 2954 1031 3017 consulem
1045 2956 1131 3017 reflui
1144 2969 1200 3016 non

216 3026 356 3093 eiceret
381 3036 430 3096 vix
443 3053 516 3116 prae
529 3038 654 3117 strepitu
668 3034 765 3098 audita
779 3034 827 3098 lex
841 3045 901 3109 est,
917 3037 1092 3119 tribunique
1108 3037 1201 3120 plebis
1277 3065 1278 3078 2

243 3109 316 3172 nibil
328 3113 360 3174 ld
373 3116 568 3197 inpedimenti
581 3119 712 3183 iuturum
723 3117 856 3182 aiebant:
871 3139 904 3183 se
919 3120 957 3183 ad
969 3121 1116 3202 populum
1129 3120 1200 3183 ianr·

203 3190 309 3262 loros,
325 3197 369 3257 uti
384 3197 500 3280 iegibus
514 3200 686 3266 solveretur.
721 3209 752 3265 et
771 3202 822 3265 ille
843 3205 963 3285 quidem
982 3206 1016 3267 in
1035 3204 1201 3268 recusanda

242 3275 406 3353 pumat,
425 3286 496 3365 quid
511 3303 584 3367 crgo
597 3288 736 3350 attineret
749 3286 829 3366 leges
843 3288 918 3351 icrri
930 3290 1080 3369 rogitans,
1097 3287 1201 3370 qulbus

242 3365 296 3424 Pir
320 3363 458 3440 eosdem,
480 3371 530 3445 qui
551 3369 701 3443 tulissent,
724 3370 805 3432 bans
823 3370 928 3434 bereti
952 3374 1012 3435 lam
1029 3372 1098 3452 regi
1112 3371 1200 3452 leget.

193 3429 433 3516 1110111111.
465 3452 591 3532 popurus
608 3453 1202 3535 mandueatamanducata
