2575 4067
357 249 451 292 urnen
467 253 542 294 nu.
558 232 597 315 [a.
616 234 650 296 0.
667 241 726 295 218.
742 233 804 316 ²1⁷]
1004 241 1068 308 259

382 577 568 643 Peulocfla
589 578 691 643 LlBRi
708 579 797 645 xm.

173 736 297 790 Hannibal
313 755 359 806 per
371 744 503 796 continuas
520 747 618 812 vigiliae
638 748 664 795 in
682 746 818 812 puindibue
833 749 907 798 oouio
925 748 1018 799 amireo
1035 751 1062 799 in

108 804 233 855 Etruriam
244 808 325 869 veuit,
338 823 456 875 perquer
468 812 574 878 peludee
591 813 733 876 quadriduo
745 825 770 863 et
780 816 863 865 tribua
879 815 995 865 noctibus
1005 818 1062 865 aine

109 872 160 921 aila
171 875 258 934 requio
270 874 317 922 iter
328 874 398 930 iecit.
423 879 451 930 c.
463 879 601 932 Flaminius
612 880 717 940 conoul,
734 880 810 931 homo
827 882 986 942 temerarios,
1000 895 1060 931 con·

108 948 146 987 tra
157 940 271 1004 auspicia
282 941 411 1003 proiectus
423 947 502 1010 signia
515 948 667 997 militaribus
679 947 793 1006 effoetis,
811 961 875 1009 quae
886 947 939 997 toili
952 961 1001 995 non
1013 961 1060 1011 po-

108 1005 388 1126 {titudinis
401 1013 1061 1129 §istitutiiiiiuti'‘diiiitiii'zii

108 1137 221 1190 exercitu
238 1156 326 1192 caeam
340 1153 386 1193 aet.
411 1159 458 1194 eex
474 1145 557 1207 miiia,
575 1162 639 1209 quae
659 1094 805 1210 eruperffu
817 1144 867 1195 ide
879 1147 911 1195 ab
923 1144 1061 1194 Atherbale

109 1206 181 1265 date,
193 1206 297 1272 perfidia
306 1208 543 1261 Hannibaiiavincta
552 1223 620 1262 sunt.
641 1225 698 1260 cum
710 1212 742 1261 ad
754 1213 868 1261 nuntium
881 1211 1060 1262 ciadienomae

109 1274 276 1336 loctunam,
288 1275 354 1324 dore
370 1284 462 1326 matres
474 1292 507 1326 ex
515 1280 643 1342 insperato
657 1278 766 1342 receptio
774 1277 833 1327 ulii·
844 1278 937 1342 gaudio
947 1286 1060 1327 mortuae

109 1344 177 1389 eunt.
203 1340 236 1389 ob
248 1339 312 1389 huno
332 1342 428 1392 cladem
446 1357 478 1391 ex
490 1343 621 1407 sibyllini·
634 1343 707 1392 iibrir
719 1358 763 1392 ver
774 1358 873 1393 oacrum
885 1353 979 1396 votum.
1003 1358 1059 1392 cum

110 1405 202 1456 deinde
219 1406 248 1464 Q.
261 1406 354 1458 Fabios
370 1408 495 1459 dioximus
518 1410 624 1460 dictator
645 1410 768 1459 advereue
785 1410 948 1460 Hannibalem
965 1409 1059 1459 mirano

109 1472 187 1521 noiiet
197 1473 252 1520 acic
262 1487 320 1522 cum
333 1488 362 1523 eo
372 1475 518 1539 confligere,
532 1491 564 1526 ne
573 1484 661 1527 contra
671 1474 782 1525 ferocem
793 1485 830 1525 tot
838 1476 950 1526 victoriis
962 1474 1060 1525 bootem

109 1541 223 1589 territum
234 1540 347 1589 edvereia
355 1541 458 1603 proeliis
468 1541 569 1591 militem
579 1544 859 1607 pugucecommitteret,
871 1550 896 1591 et
907 1542 1059 1607 opponendo

109 1619 138 1654 ae
149 1615 245 1653 tantum
257 1612 361 1656 conetur
372 1606 518 1658 Hannibalie
529 1611 664 1673 inpediret,
676 1607 709 1657 ii.
722 1607 845 1658 Minuciae
857 1609 976 1671 magister
988 1609 1058 1670 equi·

109 1677 176 1730 tum,
189 1671 261 1720 ierox
273 1678 298 1720 et
308 1676 469 1735 temerarior,
482 1675 638 1726 criminando
652 1675 798 1725 dictatorem
811 1683 937 1736 umquem
955 1688 1059 1738 regnem

111 1745 135 1784 et
147 1737 262 1785 umidum
275 1738 369 1802 effecit,
382 1751 409 1789 ut
421 1742 508 1806 popuii
518 1744 591 1793 insen
606 1752 757 1804 aequaretur
769 1741 791 1789 ei
804 1755 861 1790 cum
878 1741 999 1791 dictatore
1010 1743 1060 1789 im·

111 1804 221 1866 perium
232 1803 364 1866 diriaoque
373 1807 484 1856 exercitu
495 1821 553 1859 eum
563 1809 649 1870 iniquo
660 1807 714 1856 loco
727 1808 893 1870 conflixiseet,
906 1816 931 1855 et
942 1808 969 1857 in
978 1809 1060 1856 maxi·

110 1882 151 1918 mo
169 1870 313 1919 discrimine
332 1871 445 1935 legiones
462 1875 516 1923 eino
533 1883 631 1934 eueni,
655 1873 847 1936 superveniente
869 1889 927 1925 eum
944 1876 1055 1924 exercitu

109 1936 186 1985 Fabio
199 1935 308 1985 Maximo
320 1938 463 1988 discrimine
476 1939 595 1990 iiberotue
607 1950 657 1990 eet.
686 1954 736 2001 qno
748 1941 868 1990 beneflcio
880 1942 962 1990 ricino
974 1950 1055 1990 caetra

108 2003 338 2118 Eumnffiunxitm
343 2014 439 2119 [gueni
445 2005 771 2122 {inmittlotgitfi‘idemque
783 2006 1055 2122 itineremtiigplenmoleit.

146 2083 162 2116 u
241 2084 286 2120 ree
369 2084 445 2135 ampa
472 2087 488 2121 a
513 2087 567 2121 ner
615 2086 750 2122 ernumo
787 2086 889 2121 nume
974 2086 1056 2122 coam

109 2144 218 2185 montem
229 2148 244 2183 e
256 2136 331 2186 Fabio
343 2136 428 2186 cluent
438 2139 569 2187 sumentis
578 2139 611 2187 ad
621 2151 717 2188 cornua
729 2087 804 2187 bg’npm
812 2137 920 2200 alligatis
932 2145 957 2186 et
968 2139 1053 2187 incen-

108 2202 145 2251 eir
156 2203 308 2266 praesidium
320 2202 503 2263 Romanum,
520 2205 587 2264 quod
604 2204 750 2255 Calliculam
762 2204 899 2264 inridebat,
918 2203 1015 2267 ingerit
1031 2212 1056 2251 et

108 2268 145 2317 sic
158 2277 331 2331 transgressos
343 2281 382 2319 eat
397 2270 498 2320 aaitum.
520 2271 636 2333 idemque
651 2271 712 2319 Fabi
726 2270 828 2319 Maximi
841 2270 987 2329 dictatorie,
999 2284 1057 2318 com

109 2335 285 2398 circumposito
302 2346 396 2394 ureret,
412 2351 473 2400 agro
492 2339 604 2400 pepercit
634 2346 663 2385 ut
679 2336 749 2385 ilium
766 2347 892 2397 tamquam
904 2335 1057 2399 proditorem

109 2401 366 2517 eufipeotupudiaccffiret.
388 2402 685 2519 Aemffi⁰·d⁰i¹¹fe(1p⁸⁰(}⁰
702 2412 727 2450 et
738 2402 866 2518 'l'efientiob
873 2402 984 2517 ilicrrotff
990 2416 1056 2517 t{on-

108 2481 139 2516 an
176 2481 232 2516 uae
268 2483 285 2517 u
327 2484 423 2519 uacum
435 2483 590 2519 maximuce
615 2483 652 2522 ea
670 2483 759 2518 verene
789 2481 849 2517 aunt
867 2482 960 2516 aema
1011 2481 1055 2517 on·

111 2547 155 2583 ure
171 2542 309 2597 pugnatum
331 2545 384 2595 eet,
401 2549 525 2599 caenoque
545 2549 575 2585 eo
592 2534 688 2601 proelio
705 2535 875 2585 Romanorum
893 2535 1057 2597 quodraginta

109 2600 219 2663 quinque
231 2601 298 2651 milia
314 2616 372 2650 oum
384 2603 461 2651 Penio
483 2602 588 2654 consule
600 2613 624 2651 et
637 2602 794 2651 aenatoribus
811 2602 947 2664 nonagintr
960 2611 984 2650 et
994 2615 1056 2650 con·

108 2667 233 2716 euluribno
245 2676 287 2717 cut
299 2669 430 2731 preetoriie
442 2679 485 2718 aut
496 2669 617 2719 aedilicii·
630 2669 741 2732 triginta.
764 2676 823 2733 port
840 2682 904 2730 qnae
916 2682 973 2717 cum
985 2682 1000 2716 u
1012 2683 1057 2717 uo·

108 2732 200 2783 bilibus
221 2733 423 2785 adulescentibus
456 2741 542 2799 ropter
558 2736 758 2801 desperationem
776 2736 909 2785 consilinm
932 2735 963 2784 de
980 2735 1054 2784 relin-

108 2798 209 2861 quenda
223 2798 295 2848 ltelie
310 2800 427 2862 iniretur,
438 2750 473 2851 ἵ).
487 2801 618 2851 Cornelius
637 2801 722 2864 Scipio
739 2802 855 2851 tribunus
872 2802 992 2857 miiitum,
1013 2801 1055 2860 qni

109 2863 242 2912 Airicenna
260 2871 348 2929 postea
364 2875 468 2916 vocatos
484 2875 536 2925 eet,
561 2869 647 2917 stricto
667 2881 743 2930 nuper
762 2867 846 2931 cupita
867 2866 1055 2914 deliberantium

109 2929 176 2977 ierro
193 2929 284 2977 iuravit
295 2943 324 2977 oe
340 2945 386 2995 pro
405 2932 478 2981 horte
498 2932 641 2982 habiturum
655 2946 725 2990 eum,
746 2933 788 2993 qni
809 2933 833 2980 in
855 2932 931 2978 rerba
948 2944 994 2978 ona
1005 2943 1056 2977 non

110 2997 231 3052 inrueret,
255 2994 401 3057 effecitque,
421 3006 450 3045 nt
461 3013 548 3047 omne·
568 3014 617 3048 non
630 2997 746 3046 relictum
765 2996 795 3045 iri
811 3011 826 3045 a
845 3010 874 3043 ee
886 2994 982 3043 Italiam
1002 2996 1056 3042 iure

108 3060 215 3110 iurando
242 3061 463 3124 adstringerentnr.
497 3075 597 3129 propter
615 3065 765 3127 paucitatem
785 3061 890 3111 miiitum
911 3070 966 3109 octo
987 3059 1056 3108 milia

109 3141 239 3178 terrorum
257 3134 351 3176 armeta
363 3137 430 3180 eunt.
452 3130 556 3192 captivi,
573 3145 630 3179 eum
644 3137 757 3192 potestas
769 3135 836 3179 euet
852 3126 1004 3188 redimendi,
1017 3141 1054 3174 re-

109 3195 205 3259 dempti
217 3209 267 3243 non
279 3200 346 3243 sont.
370 3205 498 3259 praeterea
508 3195 701 3257 trepidationem
713 3195 782 3243 nrbio
795 3201 819 3243 et
834 3194 928 3242 luctum
941 3201 965 3240 et
975 3207 1016 3242 rea
1028 3193 1054 3240 iu

108 3260 229 3325 uupaniu
240 3260 346 3309 melioro
359 3269 449 3310 eventu
458 3269 543 3324 gertus
554 3262 674 3310 continet.
691 3260 788 3325 Opimia
796 3268 821 3309 et
830 3258 953 3309 Florentia
963 3259 1055 3308 veru-

109 3328 145 3377 iee
158 3328 270 3391 virginee
281 3327 370 3376 incerti
382 3327 514 3376 damnatae
526 3334 592 3377 tunt.
622 3326 729 3375 Varroni
741 3327 841 3377 obviarn
852 3327 914 3375 itum
923 3326 951 3379 ei
960 3325 1056 3390 gratiae

105 3401 191 3454 acteo,
203 3394 271 3458 quod
283 3393 314 3444 de
326 3394 465 3460 republica
476 3407 526 3444 non
539 3393 707 3460 deepetaeoet.

794 3544 856 3610 17·
