2575 4067
250 234 290 293 70
387 246 481 288 crees
495 246 563 288 vm.
580 245 649 287 oar.
666 231 706 287 19.
722 232 767 287 20.
788 223 827 306 [a.
843 247 874 287 u.
890 247 916 285 e.
932 222 1069 304 424·42‹3]

209 404 241 456 1⁴1
249 394 351 456 scribit
367 393 519 462 Claudius;
541 393 577 454 ad
596 400 744 455 trecentos
763 394 973 473 quinquaginta
999 411 1036 454 ex
1050 391 1214 453 coniuratis

250 480 363 540 vinctos
374 478 498 540 Romam
511 477 630 549 missos,
651 495 774 558 eamque
788 476 968 538 deditionem
979 473 1016 537 ab
1031 483 1136 539 senatu
1148 493 1212 537 non

251 570 415 643 acceptam,
432 561 510 642 quod
526 562 676 641 egentium
693 570 780 642 atque
804 559 957 622 humilium
978 578 1074 642 poena
1089 559 1215 639 defungi

221 645 323 708 lrelle
346 645 520 709 Fundanum
547 644 688 727 populum
716 645 895 707 censuerint
939 644 1000 705 xx.
1036 644 1214 706 Privernum

251 730 365 792 duobus
391 728 594 792 consularibus
618 729 798 791 exercitibus
818 747 886 790 cnm
909 727 1111 799 obsideretur,
1136 726 1215 789 alter

251 814 354 876 consul
370 816 557 876 comitiorum
574 831 664 876 causa
679 813 802 874 Romam
822 820 985 874 revocatus.
1021 830 1158 874 carceres
1175 829 1213 872 eo

252 917 330 960 anno
346 901 376 959 in
393 900 473 959 circo
486 899 616 978 primum
631 899 741 958 statuti.

220 992 236 1041 2
313 983 450 1044 Nondum
475 980 647 1062 perfunctos
678 999 748 1042 cura
770 980 951 1043 Privernatis
971 979 1042 1041 belli
1069 978 1213 1041 turnultus

252 1065 355 1128 Gallici
377 1067 454 1128 lama
469 1073 553 1127 atrox
571 1065 689 1136 invasit,
712 1065 790 1126 haud
810 1065 904 1126 lermc
919 1083 1058 1144 umquam
1076 1062 1212 1143 neglecta

221 1158 237 1210 8
252 1150 395 1231 patribus.
429 1147 576 1230 extemplo
591 1150 682 1229 igitur
698 1148 834 1211 consules
848 1149 928 1219 nori,
946 1149 978 1210 L.
994 1147 1135 1210 Aemilius
1150 1148 1212 1208 bla-

251 1237 399 1297 mercinus
422 1242 451 1295 et
469 1234 499 1296 C.
518 1232 663 1304 Plautius,
687 1252 723 1295 eo
743 1235 807 1314 ipso
832 1233 893 1305 die,
917 1231 982 1294 Kal.
1005 1230 1211 1304 Quinctilibus,

251 1338 309 1399 quo
327 1320 530 1398 magistratum
543 1318 687 1389 inierunt,
714 1335 876 1396 conparare
895 1318 975 1378 inter
991 1334 1024 1378 se
1044 1318 1212 1395 provincias

251 1404 336 1474 iussi,
355 1411 385 1464 et
396 1402 606 1473 Mamercinus,
620 1404 668 1462 cui
684 1400 828 1463 Gallicum
843 1398 955 1462 bellum
969 1407 1121 1470 evenerat,
1137 1401 1211 1461 scri·

219 1485 323 1548 «lbere
339 1486 500 1547 exercitum
522 1485 586 1546 sine
608 1484 666 1545 ulla
688 1488 847 1547 vacationis
861 1486 961 1547 venia:
986 1486 1058 1565 quin
1073 1484 1211 1564 opificum

252 1587 370 1650 quoque
385 1566 489 1645 vulgus
505 1575 534 1628 et
549 1567 704 1640 sellularii,
720 1570 842 1631 minime
855 1568 976 1630 militiae
994 1569 1135 1630 idoneum
1160 1585 1211 1647 ge·

251 1672 321 1723 nus,
335 1650 586 1727 excitidicuntur,
599 1652 743 1733 Veiosque
756 1653 862 1733 ingens
874 1655 1021 1715 exercitus
1031 1660 1210 1722 contractus,

219 1744 282 1797 but
307 1735 377 1797 inde
400 1733 515 1796 obviam
538 1734 629 1796 Gallis
650 1737 752 1798 iretur.
794 1736 911 1816 longius
937 1736 1063 1807 discedi,
1090 1754 1128 1797 ne
1154 1734 1211 1796 alio

251 1822 357 1882 itinere
379 1819 471 1881 hostis
499 1817 615 1880 falleret
642 1819 679 1880 ad
699 1819 805 1882 urbem
826 1820 985 1893 incedens,
1010 1838 1070 1882 non
1090 1818 1210 1899 placuit.

251 1905 360 1985 paucos
369 1901 476 1964 deinde
486 1909 552 1982 post
559 1901 629 1975 dies,
641 1905 712 1965 satis
720 1904 870 1985 explorata
881 1906 1022 1986 temporis
1031 1906 1094 1965 cius
1102 1906 1209 1983 quiete,

219 1994 236 2047 o
251 2007 267 2049 a
285 1986 374 2049 Gallis
389 1987 563 2047 Privernum
579 1989 676 2049 omnis
688 2006 829 2050 conversa
843 1990 895 2050 ris.
924 1988 1032 2070 duplex
1048 1988 1118 2049 inde
1133 1986 1211 2048 lama

252 2079 311 2133 est:
328 2071 377 2132 alii
390 2072 419 2131 ri
433 2077 548 2150 captam
563 2071 669 2134 urbem
684 2071 909 2153 Vitrubinmque
923 2074 1020 2134 virum
1035 2072 1066 2132 in
1080 2078 1210 2152 potesta·

250 2164 311 2219 tem
328 2155 456 2226 venisse,
472 2153 535 2227 alii,
550 2157 723 2236 priusquam
737 2156 839 2219 ultima
850 2156 1042 2218 adhiberetur
1057 2157 1116 2227 ris,
1130 2157 1211 2235 ipsos

250 2258 283 2302 se
296 2240 327 2301 in
342 2240 489 2304 dicionem
504 2239 634 2303 consulis
645 2241 807 2303 caduceum
821 2240 1025 2320 praeferentes
1039 2241 1212 2320 permisisse

218 2332 385 2387 tauctores
408 2331 492 2395 sunt,
514 2323 738 2405 Viuubiumque
760 2324 796 2385 ab
819 2326 879 2386 suis
900 2325 1049 2386 traditum.
1091 2331 1212 2385 senatus

251 2407 428 2470 deVitrubio
441 2407 721 2488 Privernatibusque
736 2408 887 2470 consultus
900 2407 1051 2471 consulem
1063 2406 1211 2469 Plautium

250 2492 356 2553 dbutis
381 2492 515 2553 Priverni
541 2493 634 2553 muris
666 2492 872 2573 praesidioque
898 2492 993 2554 rabdo
1019 2493 1147 2574 inposito
1175 2491 1212 2553 ad

251 2575 433 2655 triumphum
454 2576 593 2645 accersit;
616 2574 782 2638 Vitrubium
799 2578 830 2636 in
848 2595 968 2639 carcere
986 2575 1137 2639 adservari
1151 2577 1211 2637 ius·

218 2659 297 2729 usit,
312 2657 408 2737 quoad
427 2655 530 2718 consul
547 2658 687 2730 redisset,
703 2667 765 2721 tum
776 2660 965 2723 verberatum
980 2662 1090 2723 necari.
1123 2658 1212 2721 aedes

250 2743 329 2813 eius,
356 2759 432 2822 quae
451 2749 551 2803 essent
575 2743 607 2803 ln
627 2742 754 2815 Palatio,
787 2744 961 2817 diruendas,
992 2745 1069 2807 bona
1090 2745 1212 2806 Semoni

249 2827 347 2905 Sango
362 2834 542 2888 censuerunt
565 2829 781 2900 consecranda,
806 2829 944 2910 qnodque
958 2830 1035 2892 aeris
1052 2847 1088 2890 ex
1105 2830 1148 2890 eis
1163 2847 1212 2890 re·

250 2910 368 2973 doctum
384 2913 442 2981 est,
469 2928 505 2972 ex
522 2929 557 2973 eo
574 2914 659 2974 aenei
673 2911 761 2974 orbes
779 2913 849 2975 lacti
862 2915 951 2994 positi
967 2915 999 2974 in
1013 2912 1122 2975 sacello
1137 2914 1211 2975 San·

216 3001 303 3075 ugus
328 2995 469 3057 adversus
495 2995 598 3057 aedem
613 2996 738 3069 Quirini.
782 2997 820 3059 de
841 3006 946 3059 senatu
973 2999 1145 3060 Privernate
1171 2999 1212 3058 ita

249 3079 416 3151 decretum,
446 3086 491 3148 ut,
517 3083 567 3160 qui
583 3088 702 3142 senator
718 3081 852 3143 Priverni
872 3090 940 3162 post
956 3081 1151 3145 delectionem
1174 3080 1212 3141 ab

248 3163 389 3227 Romanis
403 3165 574 3234 mansisset,
591 3171 672 3225 trans
689 3164 822 3227 Tiberim
837 3164 903 3246 lege
917 3165 1036 3238 eadem,
1058 3185 1115 3247 qua
1132 3164 1212 3227 Veli·

208 3250 343 3319 luterni,
370 3246 526 3309 habitaret.
567 3247 613 3309 his
633 3250 674 3310 ita
697 3250 824 3312 decretis
845 3270 938 3331 usque
967 3250 1004 3311 ad
1026 3250 1211 3331 triumphum

248 3330 343 3393 Plauti
355 3330 547 3394 silentinmdc
553 3331 775 3396 Privernatibus
789 3334 858 3396 ruit:
873 3343 940 3416 post
947 3336 1131 3416 triumphum
1138 3351 1211 3396 con·

247 3413 292 3475 sul
308 3425 411 3478 necato
428 3416 559 3478 Vitrublo
570 3420 718 3496 sociisque
731 3421 795 3481 eius
810 3437 905 3481 noxae
922 3418 999 3500 apud
1015 3421 1135 3481 satiatos
1150 3419 1210 3479 iam

247 3497 397 3577 suppliciis
416 3501 586 3561 nocentium
609 3509 701 3564 tutam
721 3505 902 3566 mentionem
930 3503 967 3565 de
990 3501 1211 3565 Privernatibus
