2575 4067
232 204 294 267 278
431 217 524 261 umus
537 217 614 259 nu.
630 215 700 259 oar.
716 201 758 257 ts.
771 196 812 274 [a.
823 216 855 255 n.
867 215 892 254 c.
907 194 971 273 53⁷]

209 365 326 425 lhostis
340 365 527 425 occumisset.
566 363 619 425 Cn.
636 360 735 439 Scipio
757 368 912 439 postquam
931 361 1060 420 movisse
1100 378 1153 421 ex
1184 360 1237 421 hi·

234 447 334 508 bernis
357 447 473 508 hostem
495 445 617 516 audiuit,
640 445 737 523 primo
759 443 837 504 idem
854 441 968 503 condlii
989 443 1060 511 nait:
1093 443 1237 504 deinde

233 531 331 592 minus
346 539 426 592 terra
441 540 563 610 propter
574 530 724 607 ingentem
736 526 844 588 samam
857 543 1000 587 novorum
1012 525 1233 588 auxiliorum

234 631 413 676 concurrere
428 631 530 684 ausus,
553 611 667 674 delecto
687 610 779 672 milite
800 609 838 671 ad
851 628 939 670 naves
961 611 1101 689 inposito
1122 613 1232 689 quin·

276 716 293 758 e
320 709 349 758 et
372 698 492 775 triginta
517 697 633 757 navium
659 693 752 754 classe
773 695 819 753 ire
844 693 958 754 obviam
979 693 1060 753 hosti
1089 696 1230 772 pergit
1273 746 1274 751 ,

207 789 224 842 o
263 789 328 842 tero
348 781 384 842 ab
402 780 570 841 Tarracone
589 777 637 839 die
657 779 701 837 od
719 778 874 838 stationem
896 777 998 837 decem
1022 775 1119 837 milia
1146 795 1227 856 pas-

236 883 322 927 suum
342 864 499 926 distamen
522 861 558 924 ab
586 863 662 923 ostio
688 860 791 922 Hiberi
818 861 913 922 amnis
938 860 1083 939 pervenit
1141 862 1226 922 inde

237 948 312 1010 duae
337 946 561 1009 Massiliensium
596 943 810 1025 speculatoriae
839 945 1018 1022 praemissae
1050 943 1223 1005 rettulere

238 1031 361 1093 classem
377 1030 517 1092 Poulcam
534 1039 612 1090 stare
626 1029 659 1089 ln
672 1028 747 1089 ostio
767 1027 895 1088 fluminis
914 1033 1070 1106 castraque
1083 1028 1127 1087 in
1146 1031 1223 1107 ripa

210 1116 342 1195 aposita.
379 1116 477 1193 itaque
496 1121 529 1175 nt
548 1111 719 1192 inprovidos
737 1113 927 1190 incautosque
947 1112 1087 1171 universo
1114 1110 1220 1173 simul
1273 1134 1274 1191 q

238 1199 330 1260 eilnso
344 1206 459 1259 terrore
476 1198 670 1277 opprimeret,
688 1194 811 1256 sublatis
825 1195 942 1256 ancoris
960 1193 997 1255 ad
1013 1194 1146 1256 bostem
1164 1214 1218 1256 va·
1273 1198 1274 1257 ἰ

239 1282 291 1343 dit.
325 1281 432 1344 multas
456 1289 486 1342 et
504 1280 576 1341 iocis
597 1278 663 1341 altis
684 1280 794 1359 positas
819 1279 910 1339 turris
930 1278 1070 1357 Hispania
1096 1278 1213 1351 habet

239 1364 345 1445 quibus
376 1374 406 1426 et
429 1363 557 1444 speculis
581 1371 611 1424 et
641 1360 871 1442 propugnaculis
899 1361 1038 1423 adversus
1063 1360 1214 1426 latrones

211 1458 370 1510 tutantur.
414 1448 484 1508 inde
506 1449 601 1528 primo
622 1447 788 1526 conspectis
808 1447 935 1507 bostium
957 1444 1081 1505 naribus
1095 1446 1212 1507 datum

240 1533 356 1611 signum
377 1530 551 1593 Hasdrubali
573 1539 630 1599 est,
660 1528 859 1608 tumultusque
878 1531 960 1609 prius
982 1530 1014 1590 in
1040 1536 1147 1591 terrra
1178 1539 1208 1590 et

240 1617 344 1676 castris
358 1632 446 1693 quam
461 1614 498 1674 ad
512 1631 595 1675 mare
614 1614 696 1674 etad
711 1631 799 1674 nares
814 1621 859 1673 ost
879 1621 974 1682 ortus,
997 1613 1134 1674 nondum
1153 1622 1206 1674 aut

241 1695 326 1775 puisn
337 1715 487 1757 remorum
501 1697 684 1774 strepituque
700 1696 758 1758 alio
772 1698 890 1758 nautico
910 1695 1045 1758 exaudito
1058 1706 1110 1757 aut
1127 1716 1204 1776 ape-

214 1778 385 1840 srientibns
401 1778 523 1841 classem
539 1783 766 1859 promunturiis,
788 1799 855 1841 cum
874 1789 996 1860 repente
1016 1798 1107 1860 eques
1123 1780 1202 1845 alins

242 1881 330 1941 super
346 1861 435 1924 alium
452 1861 488 1925 ab
510 1862 692 1926 Hasdrubale
713 1866 819 1925 mbsus
838 1881 927 1944 vagos
950 1866 981 1924 in
1001 1863 1089 1925 litore
1112 1867 1198 1943 quie·

242 1955 345 2026 tosqne
365 1948 397 2008 in
419 1948 553 2009 tentoriis
579 1949 654 2019 suis,
684 1947 757 2009 nibil
781 1949 879 2009 minus
905 1966 992 2028 quam
1015 1948 1130 2009 hostem
1147 1957 1197 2009 ant

244 2030 389 2111 proelium
404 2049 439 2092 eo
458 2031 504 2093 die
519 2034 715 2112 expectantis,
740 2032 940 2092 conscendere
960 2050 1048 2092 nares
1066 2050 1195 2111 propere

243 2123 330 2195 atque
350 2133 432 2177 arma
453 2134 560 2195 capere
580 2115 674 2177 iubet:
705 2114 827 2176 classem
849 2116 1011 2176 Romanam
1034 2117 1092 2176 iam
1115 2115 1193 2177 hand

217 2207 233 2257 o
244 2198 347 2280 procul
372 2208 461 2278 portu
483 2218 556 2262 esse.
585 2199 660 2260 haec
674 2201 786 2278 equites
803 2199 915 2261 dimissi
939 2200 1048 2278 passim
1068 2200 1191 2279 impera·

244 2283 329 2352 bant;
357 2302 425 2344 mox
451 2282 615 2345 Hasdrubal
641 2284 704 2362 ipse
728 2300 794 2343 cum
825 2284 905 2344 omni
931 2283 1062 2344 exercitu
1085 2281 1189 2353 aderat,

245 2370 382 2446 varioque
393 2368 491 2428 omnia
506 2365 630 2428 tumultu
641 2373 776 2446 strepunt
791 2366 945 2428 ruentibus
958 2368 990 2427 in
1004 2384 1091 2427 naves
1106 2365 1188 2427 simul

245 2449 406 2529 remigibus
420 2449 620 2527 militibusque
635 2449 809 2529 fngientium
825 2451 919 2529 magis
937 2457 1048 2511 eterra
1063 2468 1144 2529 mam
1159 2450 1187 2510 in

204 2539 375 2611 inpugnam
393 2535 524 2594 euntium
547 2533 643 2594 modo.
685 2534 804 2594 uadum
827 2552 930 2595 omnes
954 2533 1185 2602 conscenderant,

245 2632 312 2674 cum
325 2615 373 2674 aiii
387 2615 523 2676 resolutis
540 2618 599 2676 oris
614 2618 645 2674 in
660 2634 783 2677 ancoras
797 2620 889 2678 erecti
903 2624 1056 2686 tenentur,
1073 2617 1132 2686 aiii,
1152 2635 1185 2677 ne

244 2696 315 2776 quid
329 2705 436 2766 teneat,
452 2697 599 2758 ancoralia
610 2697 756 2768 incidunt,
769 2703 934 2781 raptimque
947 2703 1044 2762 omnia
1054 2718 1179 2782 praepro·
1273 2774 1274 2779 γ

244 2797 316 2861 pere
328 2779 441 2859 agendo
454 2777 578 2843 miiitum
587 2788 729 2861 apparatu
736 2786 852 2844 nautica
863 2785 1026 2846 ministeria
1041 2784 1184 2864 inpediun·
1273 2808 1274 2845 t

245 2872 307 2935 tur,
332 2864 525 2943 trepidatione
546 2874 702 2928 naummm
718 2885 824 2947 capere
846 2878 876 2928 et
892 2876 994 2947 aptare
1015 2886 1094 2928 arma
1108 2867 1183 2929 miss
1273 2900 1274 2947 4

203 2955 232 3007 11
245 2948 428 3029 prohibetur.
459 2959 489 3011 et
506 2951 564 3010 iam
580 2952 730 3012 Romanus
748 2969 808 3012 non
831 2952 1083 3032 appropinquabat
1096 2951 1178 3014 modo
1273 2956 1274 3033 3

244 3033 295 3094 sed
317 3033 471 3095 derexerat
491 3035 577 3094 etiam
605 3036 636 3094 in
662 3052 791 3113 pugnam
815 3053 913 3096 naves.
952 3037 1051 3115 itaque
1075 3034 1180 3095 nonai

245 3117 330 3178 hoste
350 3126 380 3178 et
399 3117 513 3195 proelio
534 3120 627 3196 magis
645 3117 737 3178 Poeni
757 3137 845 3198 quam
864 3127 980 3181 suomet
1001 3120 1058 3198 ipsi
1072 3116 1178 3179 tumultu
1273 3112 1274 3131 ¹

244 3198 355 3261 turbati
371 3197 427 3282 [et]
451 3209 590 3281 temptata
610 3203 707 3263 verius
728 3220 827 3281 pugna
852 3221 939 3281 qnam
961 3204 1034 3264 inita
1054 3204 1083 3262 in
1096 3202 1179 3280 iugem

205 3287 236 3340 tt
248 3291 417 3345 averterunt
432 3283 564 3348 classem.
599 3293 629 3346 et
647 3304 714 3346 cum
730 3285 843 3347 adversi
857 3288 953 3348 amnis
969 3305 1002 3348 os
1015 3285 1074 3347 lato
1088 3286 1178 3363 agmini

244 3371 275 3426 et
290 3374 350 3428 tam
367 3366 468 3429 multis
484 3369 571 3430 simul
586 3369 771 3430 venientibus
785 3369 864 3430 haud
873 3389 945 3432 sane
959 3368 1093 3431 intrabile
1106 3375 1176 3439 esset,

247 3453 275 3508 in
296 3454 359 3511 titus
375 3449 484 3526 passim
498 3470 587 3514 naves
607 3465 748 3530 egerunt.
772 3462 860 3534 atque
885 3451 935 3515 alii
951 3453 1032 3515 vadis
1052 3452 1096 3514 alii
1112 3454 1175 3513 dcco
