2575 4067
306 248 399 289 nmnn
414 249 468 290 vn.
486 248 554 291 our.
570 235 612 289 36.
629 225 669 309 [a.
686 230 721 291 C.
741 231 802 311 343]
999 233 1041 297 39

9 421 11 476 g
68 396 226 464 sonitum,
239 412 298 476 quo
311 396 452 457 excitatus
464 395 533 475 vigil
545 413 612 456 cum
625 396 794 474 proxImum
804 397 943 458 mouisset
956 414 1039 459 erec·

9 493 11 502 '
67 482 166 561 tique·
181 478 254 540 alios
277 479 473 550 concitarent,
501 479 612 557 ignari,
640 480 718 540 ciues
742 498 779 540 an
809 478 909 542 hostes
931 489 1037 553 essem

65 562 261 646 praesidium
277 571 462 643 erumperet,
483 578 521 624 sn
537 561 640 625 consul
655 570 752 625 castra
766 564 904 641 cepisset,
923 563 1037 639 Decius,
1052 573 1069 626 8

65 649 222 728 quoniam
240 665 300 708 non
320 644 471 717 fallerent,
494 644 654 708 clamorem
675 644 779 707 toDere
797 647 884 708 iussis
897 647 1038 710 militibus

65 731 214 812 torpidos
227 748 331 791 somno
348 730 470 811 insuper
489 747 598 810 pavore
613 730 774 802 exanimat,
798 748 856 810 quo
876 730 1039 810 praepediti

64 833 131 877 nec
149 832 234 877 arma
252 814 370 893 inpigre
392 830 499 893 capere
520 831 575 875 nec
595 813 741 876 obsistere
756 831 812 876 nec
826 814 942 894 insequi
955 822 1038 895 pote·

63 907 154 960 rant.
186 899 266 959 inter
282 896 507 976 trepidationem
527 898 742 979 tumultumque
756 897 930 960 Samnitium
951 906 1070 978 prae-t

64 982 188 1044 sidium
197 982 363 1043 Romanum
376 980 644 1044 obviiscustodlbus
652 983 744 1044 cuesIs
756 981 794 1042 ad
807 988 903 1043 castra
909 980 1037 1044 consulis

64 1065 225 1146 pervadit.

141 1149 332 1231 Aliquantum
346 1156 500 1229 supererat
514 1149 622 1222 noctis,
637 1150 755 1229 lamque
775 1149 807 1210 io
819 1155 882 1211 tuto
899 1148 1069 1211 ridebanb

65 1245 122 1298 tur
153 1251 234 1306 esse,
255 1252 323 1295 oum
345 1232 450 1295 Decius
469 1241 590 1305 „macte
617 1233 750 1294 virtute“
777 1233 885 1313 inquit,
905 1231 1038 1304 „milites

65 1319 221 1388 Romani,
240 1325 314 1379 este:
330 1325 460 1384 restrum
476 1318 533 1378 iter
549 1333 583 1377 ac
592 1316 721 1378 reditum
735 1317 833 1377 omnia
846 1315 962 1378 saecula
975 1315 1037 1378 lau·

67 1402 166 1465 dibus
183 1401 293 1471 ierent;
309 1400 362 1462 sed
377 1399 414 1462 ad
429 1400 666 1481 conspiciendam
685 1407 796 1462 tantam
812 1401 950 1462 virtutem
967 1398 1065 1462 luceo

66 1507 106 1549 ac
127 1485 178 1546 die
194 1503 268 1565 opus
282 1493 340 1556 est,
359 1503 415 1546 nec
431 1502 483 1548 vos
499 1483 581 1562 digni
596 1484 680 1555 estis,
705 1502 861 1564 quoscum
875 1493 955 1546 tanta
973 1481 1035 1563 glo·

65 1573 120 1632 ria
137 1571 171 1629 in
192 1579 288 1629 castra
307 1567 433 1632 reduces
455 1567 604 1630 silentium
621 1585 657 1629 ac
677 1585 737 1629 nox
753 1575 841 1645 tegat.
872 1568 921 1630 hic
940 1567 1036 1629 lucem

66 1653 171 1735 quieti
188 1653 408 1732 opperiemur.⁴‘
435 1650 520 1714 dictis
534 1650 779 1733 obtemperatum.
808 1661 894 1732 atque
908 1651 960 1714 ubl
973 1654 1035 1733 pri·
1050 1660 1067 1711 t

66 1756 161 1800 mum
177 1734 295 1807 inluxit,
312 1736 474 1816 praemisso
490 1737 592 1797 nuntio
604 1735 641 1797 ad
656 1735 806 1798 consulem
819 1736 852 1798 in
863 1746 974 1807 castra,
990 1738 1036 1798 in·

68 1823 160 1904 genti
170 1819 276 1899 gaudio
287 1820 481 1889 concitantur,
500 1828 530 1881 et
541 1829 653 1883 tessera
667 1818 732 1882 data
745 1818 907 1883 incolumes
918 1822 1034 1893 reverti,

68 1908 129 1987 qui
149 1923 203 1966 sua
226 1922 352 1985 corpora
364 1923 420 1984 pro
435 1902 528 1966 salute
544 1906 676 1965 omnium
695 1903 774 1966 haud
795 1902 884 1966 dubio
903 1903 1036 1985 periculo

71 1990 274 2059 obiecissent,
290 2006 345 2068 pro
360 2005 392 2049 se
407 1989 531 2069 quisque
552 1986 668 2049 obviam
686 1987 771 2049 eiiusi
783 1986 918 2061 laudaut,
937 1996 1035 2067 gratu·

70 2071 193 2145 lantur,
209 2070 340 2150 singulos
349 2074 503 2133 universos
514 2079 678 2133 servatores
690 2089 759 2132 suos
772 2080 889 2144 vocant,
905 2071 959 2132 dlis
973 2070 1035 2134 lau·

70 2157 129 2219 des
145 2164 301 2236 gratesque
315 2162 420 2235 agunt,
436 2154 558 2216 Decium
572 2155 603 2215 in
618 2152 731 2214 caelum
753 2153 862 2215 ierunt.
891 2153 940 2215 hic
954 2153 1037 2215 Decii
1050 2159 1068 2214 8

71 2241 237 2302 castrensis
247 2240 413 2319 triumphus
427 2238 496 2309 iuit,
512 2236 677 2298 incedentis
688 2255 742 2316 per
753 2234 849 2296 media
863 2245 959 2296 castra
969 2254 1036 2297 cum

72 2334 192 2387 armmo
208 2323 355 2403 praesidio
368 2323 510 2385 coniectis
521 2322 554 2383 in
566 2339 633 2382 eum
651 2321 783 2381 omnium
793 2317 899 2389 oculis,
916 2326 946 2379 et
955 2319 1037 2380 omni

72 2410 194 2470 honore
206 2406 357 2470 tribunum
373 2405 487 2469 consuli
505 2404 707 2487 aequantibus.
734 2402 787 2465 ubi
803 2403 839 2465 ad
854 2403 1064 2484 praetoriumb

73 2502 198 2553 ventum
213 2500 270 2562 est,
286 2490 389 2553 consul
405 2491 527 2553 classico
539 2490 576 2552 ad
588 2492 756 2552 contionem
769 2496 921 2559 convocat,
936 2504 1034 2550 orsus·

74 2596 134 2657 que
159 2578 279 2637 meritas
307 2574 390 2637 Decii
410 2573 513 2637 laudes
538 2575 697 2636 interfante
722 2575 787 2654 ipso
808 2572 897 2635 Decio
925 2570 1036 2636 distulit

75 2662 262 2729 contionem
292 2661 344 2738 qui
359 2668 462 2722 auctor
478 2660 576 2721 omnia
592 2658 801 2740 posthabendi,
826 2658 897 2720 dum
916 2659 1032 2721 occasio
1044 2664 1078 2718 1⁰

75 2746 108 2806 iu
130 2743 267 2806 manibus
285 2743 377 2815 es'set,
404 2742 535 2825 perpulit
555 2742 724 2813 consulem,
745 2751 779 2804 ut
792 2742 894 2803 hostes
914 2751 944 2804 et
964 2760 1034 2803 noc·

76 2838 169 2889 turno
184 2845 290 2907 pavore
306 2829 445 2890 attonitos
461 2836 490 2890 et
504 2829 584 2888 circa
605 2825 711 2888 collem
727 2823 899 2887 castellatim
912 2823 1035 2906 dissipa·

77 2919 126 2972 tos
138 2910 361 2990 adgrederetur:
377 2910 500 2974 credere
511 2913 614 2980 etiam,
632 2908 745 2989 aliquos
759 2909 796 2971 ad
810 2927 842 2970 se
853 2907 1036 2989 sequendum

79 2995 203 3057 emissos
215 3012 271 3076 per
284 2993 392 3057 saltum
411 2997 518 3075 vagari.
561 2995 657 3056 iussae
671 2992 802 3072 legiones
816 3009 898 3052 arma
916 3008 1032 3070 capere,
1045 2999 1073 3054 lt

78 3096 274 3159 egressaeque
288 3080 406 3148 castris,
421 3096 489 3141 cum
505 3097 561 3160 per
575 3078 777 3159 exploratores
792 3075 891 3137 notior
904 3074 965 3136 iam
979 3071 1036 3136 sal·

77 3171 125 3225 tus
140 3172 232 3234 esset,
254 3162 299 3223 via
316 3164 480 3243 patentiore
502 3162 539 3224 ad
560 3162 678 3224 hostem
703 3160 864 3230 ducuntur;
887 3176 976 3239 quem
989 3158 1034 3219 in·
1046 3167 1078 3220 12

79 3255 197 3309 cautum
218 3247 367 3326 inproviso
391 3244 523 3324 adortae,
537 3264 603 3306 cum
626 3245 717 3326 palati
729 3246 838 3325 passim
861 3241 1035 3305 Samnitium

78 3331 186 3392 milites
201 3328 334 3412 plerique
350 3332 480 3392 inermes
494 3347 550 3391 nec
564 3331 645 3390 coire
661 3330 693 3388 in
708 3346 799 3389 unum
815 3344 871 3388 nec
886 3344 968 3388 arma
987 3343 1035 3387 ca·

77 3432 149 3495 pere
165 3433 221 3475 nec
235 3415 369 3495 recipere
386 3416 465 3476 intra
479 3411 586 3474 vallum
603 3431 635 3474 se
649 3419 784 3492 possent,
801 3419 955 3493 parentem
972 3411 1034 3492 pri·

78 3514 157 3560 mum
172 3500 205 3559 in
217 3498 510 3590 castraconpelluut,
528 3496 633 3560 deinde
650 3505 745 3560 castra
763 3498 827 3580 ipsa
838 3494 962 3560 turbatis
978 3503 1036 3557 sta·
