2575 4067
323 256 417 299 omna
431 257 474 301 ix.
491 256 561 299 oar.
580 243 622 299 is.
638 235 679 318 [a.
694 239 728 301 0.
745 237 808 321 ate]
984 244 1045 307 118

83 402 294 467 deiicxandro
306 401 439 465 nondum
449 420 550 465 merso
560 403 700 465 mcundia
710 403 808 477 rebus,
821 423 947 487 quarum
958 423 1046 469 nemo

80 488 289 550 intolerantior
302 486 368 548 init
384 488 435 567 qui
447 488 474 547 ai
484 504 521 549 ex
534 486 636 549 babitu
651 504 743 550 norae
758 487 893 551 iortnme
908 490 1044 569 novique,
1057 499 1074 548 2

79 580 111 634 ut
126 575 168 633 ita
183 571 421 656 dicamingenii,
444 570 523 652 quod
538 569 594 632 sibi
609 571 703 633 victor
715 570 866 642 induerat,
885 581 1044 652 spectatur,

79 656 175 718 Dareo
196 656 292 733 magis
313 652 417 714 similis
437 672 526 733 quam
541 652 709 716 Alexandro
729 655 761 716 in
782 653 895 716 italiam
909 656 1076 723 reniaseta

78 747 108 801 et
121 740 287 800 exercitum
298 737 488 799 Macedoniae
500 736 624 799 oblitum
636 737 924 818 degenerantemque
937 738 997 799 iam
1010 736 1044 801 in
1064 773 1072 791 ο

77 823 239 885 Persarum
253 838 353 883 morea
378 821 558 883 adduxisset.
590 820 707 886 reterre
721 823 753 883 in
774 830 855 883 tanto
875 838 947 900 rege
962 822 1071 901 pigett

77 905 239 986 superbam
264 906 461 966 mutationem
477 906 564 966 rectia
586 911 618 965 ei
647 904 829 967 desideratae
844 905 928 967 humi
943 906 1042 967 iacen-

77 992 151 1052 dum
164 985 348 1050 adulationes
354 1034 366 1060 ,-
377 990 467 1049 etiam
478 989 562 1049 victis
575 986 785 1051 Macedonibus
796 1005 915 1069 gravem
931 988 1041 1050 nedum

76 1072 256 1143 victoribus,
272 1080 303 1132 et
316 1071 403 1133 ioeda
414 1070 558 1152 supplida
568 1078 597 1133 ei
610 1072 689 1134 inter
703 1074 803 1135 unum
813 1080 844 1135 et
855 1072 958 1153 epulaa
972 1090 1038 1133 cae·

77 1157 130 1219 dea
145 1156 309 1217 amicomm
325 1165 355 1216 et
376 1157 532 1217 vanitatem
547 1156 755 1219 ementiendae
768 1158 879 1236 stupis.
907 1155 997 1236 qoidi
1016 1157 1070 1217 aio

77 1243 138 1302 vini
152 1257 237 1302 amor
258 1240 289 1299 ia
304 1238 367 1300 dies
386 1240 472 1300 tieret
495 1238 607 1308 acrior,
628 1240 717 1319 quidi
732 1242 758 1301 ai
773 1250 842 1301 trau
855 1257 890 1302 ac
907 1238 1040 1320 praeier-

80 1324 145 1385 rida
159 1326 220 1393 ira,
237 1355 275 1368 -
292 1339 348 1383 nec
364 1323 521 1403 quiequam
533 1321 655 1384 dubium
669 1323 749 1385 inter
762 1325 924 1403 scriptores
941 1323 1042 1385 reiero

77 1443 133 1479 -,
150 1405 271 1467 nniiane
282 1405 356 1467 baec
371 1406 478 1468 damna
492 1407 692 1484 imperatoriis
712 1405 868 1469 virtutibus
887 1406 1042 1469 ducimuai

76 1491 106 1553 id
123 1508 196 1552 vero
215 1488 378 1569 periculum
402 1499 479 1561 erat,
499 1489 588 1570 quod
610 1491 749 1552 levissimi
771 1509 808 1553 ex
830 1490 966 1561 Graecis,
991 1490 1070 1572 quic

75 1575 256 1638 Parthorum
267 1591 384 1655 quoque
396 1582 500 1635 contra
510 1590 620 1635 noman
631 1575 797 1638 Romanum
808 1573 920 1653 gieriae
931 1574 1039 1644 favent,

77 1659 215 1720 diotimre
229 1657 341 1728 solent,
355 1674 394 1718 ua
408 1659 593 1719 maiestatem
608 1660 735 1720 nonanis
751 1657 925 1730 Alexandri,
948 1677 1037 1740 quem

77 1760 115 1804 ne
133 1742 212 1803 fama
223 1740 342 1821 quidem
353 1740 413 1804 iiiia
428 1750 531 1803 notum
546 1739 676 1804 arbitror
689 1742 795 1814 inimo,
814 1744 960 1805 sasdnora
977 1760 1039 1805 non

76 1827 208 1971 arai
217 1823 1065 1972 iiiiiriiii’iiiiii,iiiiiiimi²

76 2010 171 2074 prope
190 1992 337 2056 fumantes
350 1991 520 2053 Thebarum
539 1993 654 2064 ruinas,
676 1995 842 2055 contionari
862 1991 958 2054 iibere
974 1994 1039 2056 ausi

76 2085 147 2139 sunt
159 2076 312 2146 homines,
334 2075 366 2137 id
384 2074 465 2155 quod
479 2094 516 2137 ex
536 2078 737 2138 monumentis
760 2077 925 2138 orationum
946 2084 1037 2154 patet,

76 2160 218 2223 adversus
228 2177 296 2222 eum
311 2177 399 2221 nemo
411 2177 448 2221 ex
457 2167 502 2220 tot
512 2158 688 2238 proceribus
698 2160 838 2220 Romaru‘a
848 2176 952 2219 rocem
962 2158 1037 2220 libe·

75 2263 142 2307 ram
152 2245 297 2305 mIssurus
311 2244 416 2304 ineriti
442 2240 626 2323 quantalibet
638 2240 810 2320 magnitudo
823 2241 952 2303 bominis
966 2257 1035 2301 coa·
1048 2250 1065 2300 8

76 2330 203 2407 cipiatur
219 2328 333 2398 animo,
357 2327 445 2389 unius
467 2335 567 2388 tamen
586 2343 621 2386 ea
636 2324 809 2404 magnitudo
825 2324 954 2385 hominia
972 2323 1036 2392 erit,

76 2411 200 2473 collecta
214 2410 302 2491 paulo
325 2409 393 2490 plau
411 2410 515 2471 decem
536 2427 681 2472 annorum
705 2407 860 2477 felicitate3
881 2425 970 2487 quam
986 2408 1064 2486 quio

76 2514 112 2557 eo
126 2493 278 2565 extollunt,
293 2494 372 2573 quod
383 2493 510 2574 popuius
521 2493 680 2564 Romanus,
693 2494 749 2555 etsi
759 2492 840 2554 nulio
854 2491 942 2562 bello,
960 2490 1036 2552 mni·

75 2581 113 2640 tia
126 2586 227 2640 tamen
241 2577 362 2659 proeliis
371 2578 464 2639 victua
475 2579 528 2646 sit,
544 2576 712 2639 Alexandro
725 2575 833 2640 nuliius
843 2594 960 2657 pugnae
975 2593 1035 2639 non

75 2661 206 2725 secunda
228 2661 346 2724 iortuna
365 2661 468 2731 fuerit,
490 2678 551 2723 non
570 2659 761 2740 intellegunt,
785 2680 818 2724 se
838 2662 967 2723 hominia
986 2679 1036 2723 res

75 2755 173 2826 gestas
194 2753 224 2806 at
244 2746 308 2807 eius
325 2745 440 2805 iuvenis
457 2762 527 2806 cum
550 2743 652 2825 populi
672 2747 729 2807 iam
757 2747 1034 2825 octingentesimum

75 2829 214 2891 bellantia
234 2846 345 2890 annana
367 2825 458 2890 rebus
480 2828 628 2890 conferre.
663 2831 821 2901 miremur,
845 2832 885 2897 si.
908 2847 977 2891 cnm
997 2835 1077 2890 exio

75 2915 132 2974 hac
152 2921 236 2991 parte
255 2910 373 2973 saecula
392 2910 478 2991 plura
501 2920 696 2973 numermtur
719 2931 807 2992 qnam
825 2930 862 2974 ex
883 2911 933 2972 ilia
954 2910 1033 2979 anni,

75 2996 142 3077 pius
156 2997 188 3055 in
200 3004 260 3057 tam
271 2994 360 3074 iongo
372 2997 466 3074 spatio
479 3015 567 3076 quam
579 2997 611 3056 in
622 3001 718 3056 aetate
728 2994 873 3055 uedeaim
885 3009 1033 3055 annorum

75 3080 196 3141 iortuna
206 3080 380 3140 variaveriti
401 3082 472 3158 quio
486 3088 518 3141 tu
532 3080 663 3141 hominia
680 3096 748 3140 cum
768 3077 888 3139 homIne
906 3083 936 3137 et
950 3074 1034 3136 ducia
1044 3081 1073 3134 li

76 3181 144 3224 cnm
159 3162 234 3224 duce
248 3162 398 3223 fortunam
414 3181 482 3223 cum
493 3162 612 3224 fortuna
630 3162 767 3224 conierai
796 3168 868 3240 quot
881 3159 1033 3222 Romanoa
1041 3165 1074 3216 12

75 3248 167 3308 duces
180 3249 342 3316 nominem,
358 3245 465 3326 quibus
480 3263 640 3324 numquam
652 3246 774 3312 adversa
786 3246 903 3305 fortuna
915 3259 1032 3324 pugnae

74 3331 146 3391 initi
162 3331 284 3409 paginas
299 3332 329 3390 in
342 3328 499 3390 annalibus
514 3330 797 3408 magistratuumque
811 3327 893 3388 inatia
906 3343 1030 3407 percur-

74 3431 142 3475 rere
157 3413 227 3474 licet
246 3413 400 3475 consulum
427 3413 678 3490 dictatorumque,
698 3429 825 3491 qarorum
843 3429 899 3472 nec
919 3412 1033 3471 mnus

75 3515 131 3558 nec
147 3497 283 3559 iortunae
297 3496 358 3557 ullo
371 3496 418 3559 die
432 3495 574 3578 populum
580 3494 746 3557 Romanum
759 3495 911 3577 paenituit
930 3502 961 3557 et
972 3514 1031 3575 quo
1041 3499 1071 3555 li

117 3613 143 3646 r.
156 3611 220 3648 arar
233 3611 302 3647 aare
316 3612 348 3645 11.
803 3584 823 3646 8
