2575 4067
315 292 408 335 11111
423 292 466 336 rx.
482 292 551 336 cun.
568 281 594 333 2.
612 279 638 332 3.
655 270 695 356 [e.
709 274 822 358 (1311]
1007 278 1048 345 95

90 438 1087 609 1111111111111111111111111111

90 609 138 674 uit
153 608 244 681 alios,
262 627 329 670 cum
343 607 467 670 alterum
479 609 602 689 quisque
616 614 772 689 conpotem
785 610 879 688 magle
891 612 998 673 mentis
1013 629 1048 674 ac

89 692 205 757 consilii
217 693 374 765 ducerent,
390 691 440 754 diu
454 691 609 753 inmobiles
622 692 720 754 silent
746 691 1089 773 condempnemus

89 780 134 841 ria
150 776 306 839 consulum
314 776 389 856 erigi
403 775 502 837 videro
514 784 544 838 et
554 774 694 856 expedire
705 775 846 857 quosdam
862 775 942 838 utilia
953 781 1045 859 operi,

87 879 268 944 qurnmquam
283 858 411 922 ludibrio
429 859 495 921 iore
514 861 680 921 munientes
700 859 824 942 perditis
837 860 928 923 rebus
945 878 979 924 ec
995 880 1047 942 epe

88 946 173 1008 omni
186 945 323 1024 adempta
337 942 512 1016 comebant,
537 952 652 1017 tamen,
677 962 716 1006 ne
731 943 846 1024 culpam
860 943 943 1007 mun
957 945 1044 1009 adue·
1056 952 1089 1006 te

86 1037 172 1100 rent,
191 1047 246 1109 pro
263 1046 295 1090 se
307 1029 430 1110 quisque
443 1045 499 1090 nec
520 1027 657 1090 hortante
671 1028 731 1091 ullo
752 1044 808 1089 nec
828 1030 993 1110 imperante
1009 1029 1046 1108 11

86 1113 282 1177 muniendum
297 1113 373 1173 versi
387 1120 482 1174 casim
500 1121 622 1193 propter
643 1130 749 1194 equam
765 1111 839 1174 11111
855 1113 1045 1186 circumdant,

5 1251 6 1266 ,
86 1215 142 1259 sue
157 1196 214 1278 ipsi
225 1213 315 1277 opera
328 1195 518 1276 laboremque
533 1197 667 1267 inritum,
682 1203 888 1277 praeterquam
899 1197 977 1276 quod
990 1198 1043 1260 bo·
1056 1206 1088 1258 14

86 1288 150 1343 stes
164 1279 292 1362 superbe
305 1278 511 1361 increpabant,
527 1298 594 1342 cum
611 1278 772 1342 miserabili
784 1279 968 1341 confessione
984 1279 1045 1342 elu-

88 1364 205 1427 dentes.
239 1364 275 1425 11
295 1362 430 1425 consules
450 1372 590 1435 maestos,
613 1382 651 1426 nc
680 1364 854 1427 advocantes
872 1363 990 1444 quidem
1013 1367 1043 1425 in
1056 1372 1086 1425 le

88 1447 260 1520 consilinm,
276 1447 393 1528 quaudo
405 1466 460 1509 nec
473 1447 593 1510 consilio
605 1465 661 1509 nec
672 1446 778 1510 auxillo
794 1446 875 1509 locus
887 1455 977 1519 esset,
993 1466 1045 1511 sua

87 1541 196 1614 sponte
211 1532 300 1611 legati
313 1550 348 1593 ec
362 1530 474 1593 tribuni
490 1534 680 1604 conveniunt,
695 1530 860 1613 militesque
877 1531 913 1593 11
928 1540 1045 1613 praeto·

88 1618 168 1680 rium
183 1616 260 1678 versi
280 1634 381 1696 opem,
400 1633 488 1697 quem
501 1617 550 1678 rix
564 1616 604 1678 dii
618 1614 790 1680 Inmortales
804 1616 884 1678 ferre
898 1623 1043 1698 poterant,

89 1699 126 1763 eb
142 1698 266 1761 ducibus
283 1708 453 1780 exposcunt.
497 1699 546 1762 [Π.
575 1700 738 1773 Querentes
757 1701 850 1780 magis
871 1719 958 1781 quam
974 1706 1070 1762 con-1

89 1783 232 1847 sultantes
243 1801 302 1845 nox
307 1785 461 1864 oppressit,
474 1802 603 1866 cumpro
611 1785 731 1864 ingenio
740 1786 864 1866 quisque
874 1784 1044 1856 fremerent,

89 1868 179 1931 ullus:
209 1885 291 1947 „per
307 1866 406 1929 obices
422 1869 549 1940 1111111,
567 1866 668 1952 [elius]
684 1886 738 1948 per
752 1869 873 1931 aduersa
890 1870 1043 1938 montium,

88 1970 144 2033 per
157 1949 258 2022 silves,
274 1970 332 2033 que
345 1952 418 2012 ferri
431 1969 513 2014 11111
530 1960 682 2032 poterunt,
706 1970 821 2022 camum
837 1953 924 2014 modo
940 1952 976 2014 11
991 1952 1071 2013 hot

88 2045 163 2098 stem
179 2035 335 2115 pervenire
352 2035 451 2106 liceat,
467 2053 554 2115 quem
568 2054 622 2116 per
638 2053 731 2097 annos
744 2036 803 2097 lam
816 2054 910 2117 prope
924 2037 1044 2115 triginta

89 2121 247 2181 vincimus:
263 2120 361 2181 omnia
373 2137 465 2199 aequa
476 2126 506 2180 et
519 2116 606 2199 plane
617 2129 704 2181 erunt
713 2118 845 2181 Romano
856 2121 887 2179 in
898 2119 1043 2198 perfidum

89 2204 252 2266 Samnitem
271 2204 449 2283 pugnanti,⁴‘
466 2201 553 2264 elim:
588 2221 671 2282 „quo
686 2210 736 2264 aut
751 2221 809 2283 qua
828 2204 944 2265 camuel
972 2207 1071 2265 numi

88 2295 205 2349 montes
222 2286 320 2348 moliri
333 2287 403 2350 sede
417 2305 470 2348 sua
494 2286 650 2368 paramus?
681 2285 750 2348 dum
767 2286 839 2347 haec
859 2286 1044 2350 inminebunt

87 2372 174 2451 iuge,
195 2388 252 2451 qun
274 2379 306 2432 tu
323 2370 359 2432 11
380 2371 494 2432 hostem
516 2370 635 2433 renlosl
663 2370 768 2431 armati
788 2371 931 2442 inermes,
953 2371 1044 2434 fortes

87 2456 203 2535 ignari,
227 2457 338 2536 pariter
353 2474 455 2517 omnes
469 2455 546 2535 cepti
561 2463 647 2536 etque
662 2455 731 2516 victi
742 2472 852 2516 sumus.
880 2472 917 2516 nc
932 2455 1044 2518 ferrum

88 2538 210 2620 quidem
224 2538 261 2599 11
281 2538 357 2601 bene
372 2539 557 2601 moriendum
573 2537 723 2601 oblaturus
739 2545 784 2600 est
806 2538 912 2611 hostis,
938 2539 1044 2601 sedens

87 2620 200 2684 bellum
219 2622 385 2684 couflcIet.“
413 2623 460 2685 his
478 2624 603 2685 invicem
623 2620 809 2686 sermonibus
830 2642 887 2705 qua
910 2623 967 2685 cibi
987 2633 1071 2705 quae

87 2707 197 2787 quietis
213 2707 358 2767 inmemor
372 2725 431 2768 nox
447 2707 580 2770 traducta
594 2716 647 2770 est.

153 2789 197 2851 Ne
213 2790 391 2852 Samnitibus
407 2790 524 2871 quidem
539 2791 693 2854 consffium
714 2794 744 2853 in
760 2802 820 2853 tem
835 2791 917 2853 laetis
937 2810 1043 2873 suppe-

86 2874 170 2936 tebat
183 2872 283 2936 rebus.
312 2876 409 2956 itaque
424 2876 553 2938 universi
566 2875 747 2937 Herennium
761 2874 914 2945 Pontium,
929 2884 1043 2953 petrem

88 2958 289 3037 imperatoris,
304 2976 359 3039 per
369 2956 481 3021 litteras
491 2958 702 3021 consulendum
717 2965 847 3018 censent.
869 2958 1040 3035 111111111-
1053 2963 1069 3014 5

88 3042 132 3103 ris
149 3042 233 3103 annis
250 3060 309 3103 non
329 3042 503 3105 militaribus
518 3043 612 3106 solum
627 3041 680 3105 sed
694 3038 825 3102 civilibus
840 3058 955 3120 quoque
976 3038 1042 3100 ebs·

89 3133 221 3187 cesserat
233 3126 419 3196 muneribus:
442 3128 473 3188 in
488 3144 612 3208 corpore
629 3136 727 3188 tamen
742 3124 856 3187 adiecto
871 3122 987 3202 vigebat
1000 3124 1042 3183 ris

89 3209 182 3271 animi
194 3208 373 3289 consiliique.
395 3209 483 3271 isubi
495 3213 607 3291 accepit
617 3211 654 3271 11
668 3208 797 3271 furculas
809 3206 952 3270 Caudinas
966 3209 1070 3268 lntero

89 3293 163 3356 duos
178 3293 269 3355 soltus
284 3293 397 3356 clausos
414 3311 478 3355 csse
501 3294 645 3355 exercitus
657 3291 819 3362 Romanos,
841 3290 990 3353 consultus
1005 3290 1041 3352 eb

89 3378 193 3439 nuntio
213 3376 265 3440 lilii
286 3379 399 3441 censuit
416 3394 518 3439 omnes
543 3376 612 3438 inde
631 3394 718 3456 quem
742 3377 870 3456 primum
890 3375 1041 3438 inviolatos

89 3460 289 3524 dimittendos.
337 3481 411 3543 quae
439 3461 491 3522 ubi
515 3468 613 3542 spreta
640 3460 784 3523 sententie
808 3470 852 3523 est
876 3461 1067 3542 iterumquet

89 3545 195 3609 eodem
217 3554 367 3608 remeante
390 3548 491 3608 nuntio
517 3544 736 3618 consulebatur,
763 3546 875 3609 censuit
894 3545 930 3609 11
951 3564 1041 3610 unum
