2575 4067
518 214 714 290 menn
733 248 913 291 xxm.
946 247 1077 291 ou.
1111 236 1197 290 40.
1228 236 1313 287 41.
1349 225 1426 308 [a.
1460 230 1530 291 G.
1561 226 1683 310 215]
1942 234 2059 299 361

150 398 437 469 adsuetis,
484 396 782 458 iecerunt:
826 404 1126 474 postremo
1169 403 1227 456 et
1280 396 1424 476 ipsi,
1479 413 1611 456 cum
1668 398 1864 458 omnia
1907 397 2064 459 circa

146 492 346 561 strage
388 499 457 542 ac
500 479 639 560 fuga
678 478 1002 541 Sardorum
1043 478 1267 560 repleta
1322 484 1545 549 essent,
1552 478 1722 540 ”fusi
1795 488 2060 543 ceterum
2087 488 2142 541 ιι

146 575 317 645 terga
366 563 573 626 dantes
612 561 1019 626 circumducto
1062 580 1275 634 cornu,
1335 580 1453 643 quo
1483 561 1794 641 pepulerat
1825 562 2060 634 Sardos,

145 649 383 711 inclusit
434 648 753 710 Romanus.
832 646 1041 709 caedes
1091 646 1227 708 inde
1262 647 1448 726 magis
1482 663 1658 726 quam
1713 664 1908 726 pugna
1937 648 2061 709 fuit

148 731 460 795 duodecim
483 730 643 792 milia
672 730 930 792 hostium
953 748 1122 793 caesa
1145 729 1467 792 Sardorum
1497 728 1673 791 simul
1697 729 2057 810 Poenorum·
2093 745 2145 789 ιι

145 834 293 917 que,
331 816 518 876 ferme
548 816 661 876 tria
692 813 852 877 milia
884 822 942 877 et
970 816 1326 894 septingenti
1367 814 1522 894 capti
1557 821 1617 875 et
1655 815 1818 894 signa
1851 813 2061 875 milita

146 903 237 962 ria
277 906 500 978 septem
548 906 609 960 et
650 899 874 977 viginti.
960 898 1105 959 XLI.
1173 900 1325 959 Ante
1366 898 1562 960 omnia
1597 896 1816 960 claram
1847 904 1906 959 et
1939 917 2061 959 me

146 981 496 1045 motabilem
541 999 797 1062 pugnam
841 981 981 1043 fecit
1024 981 1352 1043 Hasdrubal
1381 982 1714 1062 imperator
1763 990 1966 1062 captus
2007 993 2065 1045 et

145 1068 360 1129 Hanno
406 1074 466 1127 et
509 1066 681 1145 Mago
724 1065 952 1128 nobiles
997 1065 1538 1144 Carthaginienses,
1586 1065 1756 1146 Mago
1789 1083 1856 1126 ex
1890 1073 2109 1144 gentei

146 1151 430 1221 Barcina,
464 1151 796 1230 propinqua
824 1151 1173 1229 cognatione
1207 1149 1523 1211 Hannibali
1559 1150 1822 1221 iunctuS,
1853 1149 2061 1211 Hanno

148 1242 355 1296 auctor
378 1233 720 1295 rebellionis
748 1232 951 1295 Sardis
972 1232 1227 1313 bellique
1250 1236 1375 1296 eius
1398 1233 1552 1296 haud
1576 1232 1752 1295 dubie
1777 1234 2061 1295 concitor.

149 1336 262 1379 nec
294 1316 618 1379 Sardorum
643 1317 823 1378 duces
850 1318 1043 1378 minus
1066 1316 1325 1379 nobilem
1358 1336 1488 1379 eam
1510 1335 1768 1396 pugnam
1802 1316 2065 1378 cladibus
2093 1325 2121 1373 3

146 1403 271 1464 suis
310 1400 611 1463 fecerunt:
659 1419 796 1461 nam
845 1407 903 1462 et
943 1399 1094 1461 iilius
1135 1401 1557 1481 Hampsicorae
1598 1401 1794 1463 Hostis
1834 1402 1897 1461 in
1939 1402 2061 1462 acie
2089 1413 2117 1457 όίι

147 1483 392 1555 cecidit,
432 1494 491 1547 et
524 1485 905 1563 Hampsicora
948 1501 1080 1545 cum
1110 1486 1312 1563 paucis
1341 1484 1636 1565 equitibus
1686 1483 1948 1564 fugienS,
2002 1497 2065 1546 ut

148 1586 330 1648 super
367 1568 627 1630 adflictas
667 1586 764 1630 res
805 1585 1010 1629 necem
1054 1586 1287 1648 quoque
1316 1567 1419 1629 filii
1449 1567 1692 1640 audivit,
1746 1577 1946 1641 nocte,
1992 1588 2065 1630 ne

148 1654 316 1714 cuius
342 1652 707 1714 interventus
742 1660 944 1731 coepta
978 1653 1302 1731 inpediret,
1332 1662 1586 1715 mortem
1622 1617 1735 1714 sibi
1764 1654 2061 1729 conscivit

149 1737 364 1796 ceteris
398 1735 543 1796 urbs
578 1736 803 1796 Cornus
843 1734 1077 1806 eadem,
1127 1754 1276 1815 quae
1308 1744 1472 1807 ante,
1524 1734 1696 1815 fugae
1726 1725 2065 1817 receptacu-
2089 1745 2121 1793 Ε»

148 1818 272 1881 lum
303 1817 442 1887 fuit:
474 1836 648 1897 quam
678 1816 925 1878 Manlius
964 1818 1186 1879 victore
1241 1822 1502 1881 exercitu
1555 1819 1868 1898 adgressus
1908 1821 2061 1882 intra

149 1902 276 1964 dies
305 1919 525 1981 paucos
566 1902 810 1980 recepit.
879 1899 1090 1960 deinde
1130 1900 1277 1961 aliae
1320 1920 1551 1981 quoque
1583 1905 1872 1974 civitates,
1916 1922 2065 1983 quae
2093 1913 2121 1961 fi

148 1986 222 2047 ad
264 1986 709 2063 Hampsicoram
752 1983 1097 2063 Poenosque
1139 1983 1511 2055 defecerant,
1562 1983 1863 2046 obsidibus
1915 1987 2065 2049 datis

149 2069 507 2131 dediderunt
536 2086 694 2138 sese:
738 2066 952 2147 quibus
994 2064 1290 2145 stipendio
1324 2067 1738 2146 frumentoque
1775 2069 2061 2147 imperatu

146 2171 259 2234 pro
290 2152 571 2232 cuiusque
603 2159 703 2213 aut
731 2150 953 2211 viribus
995 2157 1093 2212 aut
1118 2150 1332 2211 delicto
1366 2148 1585 2212 Caralis
1618 2152 1939 2212 exercitum
1968 2169 2061 2213 re-

148 2237 331 2297 duxit.
389 2235 471 2296 ibi
499 2235 744 2296 navibus
782 2233 974 2313 longis
1010 2233 1275 2296 deductis
1311 2235 1713 2313 inpositoque,
1768 2252 1943 2313 quem
1970 2253 2061 2297 se*
2089 2249 2113 2293 “s

148 2338 283 2381 cum
315 2318 657 2389 advexerat,
693 2318 878 2379 milite
906 2318 1152 2380 Romam
1185 2319 1416 2396 navigat
1450 2317 1895 2398 Sardiniamque
1925 2337 2061 2399 per-

148 2403 430 2465 domitam
488 2404 718 2462 nuntiat
768 2401 1063 2480 patribus,
1118 2410 1177 2462 et
1228 2402 1583 2481 stipendium
1635 2402 2057 2480 quaestoribus,

146 2486 514 2548 frumentum
548 2484 860 2555 aedilibus,
894 2486 1149 2565 captivos
1180 2485 1248 2557 Q.
1278 2485 1482 2547 Fulvio
1512 2486 1773 2565 praetori
1803 2486 1999 2547 tradit.

270 2569 384 2632 Per
442 2568 598 2631 idem
644 2577 875 2649 tempus
915 2570 1015 2630 T..
1049 2568 1327 2632 Otacilius
1379 2577 1618 2650 praetor
1670 2568 1742 2629 ab
1789 2567 2061 2648 Lilybaeo
2089 2581 2117 2625 3

147 2652 322 2715 classi
350 2654 411 2713 in
441 2651 699 2715 Africam
729 2660 1093 2716 transvectus
1136 2652 1638 2733 depopulatusque
1683 2670 1888 2731 agrum
1923 2654 2061 2717 Car·

148 2737 577 2815 thagintensem
614 2755 747 2799 cum
780 2737 1109 2801 Sardiniam
1140 2737 1277 2800 inde
1301 2746 1561 2818 peteret,
1599 2756 1713 2818 quo
1745 2736 1899 2798 fama
1934 2749 2061 2799 erat
2081 2745 2113 2793 9

146 2819 573 2884 Hasdrubalem
602 2838 643 2881 a
672 2820 999 2883 Baliaribus
1028 2839 1216 2901 nuper
1250 2824 1578 2893 traiecisse,
1609 2820 1777 2881 classi
1805 2821 2061 2881 Africam

146 2906 440 2985 repetenti
502 2905 787 2975 occurrit,
838 2902 1067 2984 levique
1110 2905 1432 2965 certamine
1488 2907 1549 2964 in
1591 2902 1708 2963 alto
1751 2903 2061 2963 commisso

147 2996 372 3067 septem
398 2987 537 3049 inde
567 3005 743 3048 naves
766 3004 900 3048 cum
924 2988 1097 3048 sociis
1124 2986 1426 3048 navalibus
1451 2987 1625 3065 cepit.
1686 2991 1911 3045 ceteras
1938 3004 2057 3046 me*-

146 3081 242 3133 tus
269 3072 426 3133 haud
456 3088 627 3133 secus
656 3087 831 3149 quam
861 3079 1177 3151 tempestas
1206 3071 1424 3149 passim
1456 3070 1702 3131 disiecit

274 3156 389 3216 Per
420 3155 659 3217 eosdem
710 3154 861 3215 forte
904 3154 1028 3226 dies
1072 3164 1131 3216 et
1159 3153 1457 3215 Bomilcar
1500 3171 1635 3213 cum
1674 3150 1956 3213 militibus
1987 3153 2057 3213 ad
2089 3165 2141 3209 1⁴3

148 3238 620 3318 supplementum
676 3237 1026 3318 Carthagine
1070 3239 1262 3300 missis
1310 3236 1749 3317 elephantisque
1802 3243 1860 3297 et
1901 3253 2057 3297 com

147 3329 344 3383 meatu
384 3323 607 3384 Locros
651 3324 913 3384 accessit.
993 3340 1166 3402 quem
1216 3329 1283 3383 ut
1325 3322 1623 3382 incautum
1678 3320 2053 3400 opprimeret¹
2089 3329 2133 3377 ιι

146 3407 254 3485 Δρ.
287 3403 559 3468 Claudius
600 3424 710 3485 per
756 3406 1184 3469 simulationem
1228 3406 1565 3487 provinciae
1607 3402 2057 3466 circumeundae

146 3490 471 3554 Messanam
542 3493 757 3572 raptim
822 3493 1082 3554 exercitu
1147 3491 1323 3553 ducto
1387 3496 1554 3552 vento
1611 3496 1891 3570 aestuque
1953 3504 2057 3549 suc
