2575 4067
347 242 440 284 44444
455 244 485 284 x.
504 242 571 286 oar.
587 233 629 284 44.
644 233 689 286 ab.
706 224 745 307 [a.
761 228 796 290 0.
814 226 876 310 293]
1032 237 1092 300 1117

135 407 223 470 gncm
241 387 342 450 multis
356 386 429 449 locis
441 407 561 469 operam
577 392 734 454 corniculis
749 392 928 475 armillisque
943 398 1092 476 argenteis

135 473 233 534 donat.
269 470 424 533 consilium
445 473 515 536 inde
535 474 683 548 habitum,
710 494 777 537 cum
798 478 857 538 iam
880 486 996 558 tempus
1015 488 1119 543 esseto

134 555 298 618 deducendi
310 555 346 617 ab
361 557 481 618 Samnio
497 560 642 620 exereitus
657 567 707 621 aut
721 561 873 640 utriusque
891 569 941 623 aut
952 570 1033 624 certe
1049 563 1090 624 al·

133 641 233 701 terius.
259 640 402 720 optimum
413 642 520 712 visum,
543 660 601 722 quo
618 645 712 722 magis
724 643 835 705 fractae
848 661 898 706 res
917 646 1118 708 Samnitium?

136 730 246 795 essent,
272 741 307 784 44
327 724 506 803 pertinacius
523 733 552 786 et
571 725 705 789 infestius
721 744 809 807 agere
825 735 923 790 cetera
939 735 969 790 et
989 747 1090 808 perse·

133 808 197 890 qui,
222 814 255 868 ut
279 807 478 887 perdomitum
497 809 649 871 Samnium
676 811 898 890 insequentibus
923 811 1091 874 consulibus

132 890 211 953 tradi
231 898 340 971 posset.
376 891 493 971 quando
507 892 566 953 iam
584 891 682 954 nullus
696 900 774 955 esset
793 894 922 958 hostium
934 897 1119 967 4444411444

133 976 184 1055 qui
198 975 290 1052 signls
304 973 427 1035 conlatis
442 975 633 1037 dimicaturus
648 977 812 1049 videretur,
829 997 922 1040 unum
936 996 1092 1059 superesse

133 1055 204 1119 belli
224 1075 330 1136 genus,
355 1057 474 1120 urbium
488 1061 736 1138 oppugnationes,
761 1079 884 1141 quarum
906 1079 961 1141 per
978 1061 1091 1124 excidia

134 1139 256 1203 milltem
274 1140 453 1222 locupletare
479 1143 589 1222 praeda
610 1151 640 1204 et
664 1145 779 1206 hostem
802 1164 859 1224 pro
883 1146 941 1206 aris
962 1144 1091 1206 4414414

133 1225 321 1287 dimicantem
341 1226 487 1287 conficere
513 1235 642 1307 possent.
684 1231 783 1308 itaque
807 1227 913 1290 litteris
937 1228 1034 1289 missis
1055 1227 1124 1288 adt

131 1318 266 1371 senatum
290 1308 489 1391 populumque
509 1312 675 1373 Romanum
700 1312 737 1373 de
763 1310 853 1373 rebus
877 1310 914 1372 ab
941 1329 974 1371 se
1000 1312 1090 1390 gestis

131 1392 253 1464 diversi,
275 1393 410 1473 Paplrius
431 1393 469 1455 ad
490 1395 662 1475 Saepinum,
685 1394 825 1458 Carvilius
846 1394 883 1455 ad
905 1393 1016 1456 Veliam
1037 1413 1089 1475 op·

129 1476 318 1557 pugnandam
333 1476 466 1557 legiones
484 1479 603 1540 ducunt.

193 1562 277 1624 XLV.
306 1562 434 1623 Litterae
454 1560 606 1623 consulum
631 1563 745 1642 lngenti
769 1561 878 1623 laetitia
900 1569 930 1622 et
954 1564 986 1621 in
1007 1562 1115 1622 curial

132 1654 160 1707 et
171 1646 203 1705 in
214 1646 350 1706 contione
361 1644 491 1717 auditae,
509 1653 538 1706 et
549 1645 705 1726 quadridui
715 1645 928 1725 supplicatione
937 1643 1089 1726 publicum

131 1728 270 1806 gaudium
289 1728 409 1808 privatis
428 1728 533 1791 studiis
549 1728 730 1791 celebratum
746 1738 798 1790 est.
828 1746 885 1791 nec
906 1728 1016 1809 populo
1031 1727 1117 1789 llo-t

131 1829 219 1873 mano
247 1828 353 1889 magna
378 1811 472 1874 solum
489 1810 542 1873 441
554 1820 777 1893 peropportuna
797 1815 884 1875 etiam
909 1830 943 1874 ea
968 1811 1090 1873 victoria

130 1895 200 1966 luit,
222 1895 288 1974 quia
307 1913 362 1975 per
380 1894 459 1956 idem
477 1895 553 1956 iorte
572 1904 689 1975 tempus
704 1895 862 1958 rebellasse
876 1894 1017 1957 Etruscos
1037 1892 1088 1954 ad-

129 1977 219 2041 latum
242 1984 294 2039 est.
330 1978 448 2041 subibat
463 1980 599 2057 cogitatio
620 1981 763 2050 animum,
786 1994 914 2059 4444444
935 1977 1024 2040 modo
1044 1982 1116 2037 14-11

129 2060 258 2124 lerabilis
278 2062 376 2123 141444
391 2062 509 2123 Etruria
525 2062 641 2132 luisset,
663 2065 689 2122 41
703 2062 773 2141 quid
793 2064 824 2123 in
838 2061 959 2123 Samnio
973 2060 1089 2123 adversi

129 2148 288 2216 evenisset,
308 2163 384 2225 quac
403 2147 605 2207 coniuratione
621 2146 795 2206 Samnitium
814 2150 928 2214 erecta,
950 2146 1089 2222 quoniam

129 2228 216 2290 ambo
234 2229 369 2291 consules
390 2230 543 2309 omnisque
558 2230 689 2290 Romana
709 2229 751 2288 vis
767 2245 867 2289 444444
890 2227 921 2286 14
936 2225 1088 2288 Samnium

130 2320 220 2381 esset,
244 2314 467 2393 occupatIonem
487 2312 590 2393 populi
603 2313 728 2373 Romani
747 2329 802 2392 pro
817 2311 972 2373 occasione
990 2306 1088 2370 rebel-

128 2394 209 2455 landi
228 2394 386 2459 habuisset.
432 2395 595 2476 lagationes
618 2397 781 2465 sociorum,
806 2413 823 2456 a
842 2393 982 2455 11111114
1002 2399 1116 2472 prae-t

128 2488 193 2540 tore
213 2480 245 2540 in
258 2490 393 2543 senatum
414 2481 612 2552 introductae,
638 2478 838 2559 querebantur
857 2480 905 2540 uri
925 2494 960 2538 ac
982 2476 1089 2538 vastari

128 2581 215 2642 agros
235 2584 252 2627 4
268 2566 399 2629 finitimis
413 2565 562 2636 Etruscis,
583 2564 662 2645 quod
683 2563 847 2625 desciscere
868 2580 885 2623 a
904 2559 1014 2642 populo
1028 2560 1088 2624 Ro·

126 2665 214 2709 mano
230 2649 358 2720 nollent,
382 2648 662 2729 obtestabanturque
676 2654 776 2727 patres
791 2647 987 2726 conscriptos,
1008 2651 1041 2707 ut
1055 2650 1116 2705 seb

127 2732 276 2810 aviatque
288 2733 396 2794 iniuria
408 2735 606 2794 communium
620 2733 749 2793 bostium
760 2738 936 2793 tutarentur.
963 2744 1087 2808 respon·

127 2830 194 2871 sum
214 2811 317 2890 legatis
338 2832 427 2876 curae
446 2818 561 2878 senatui
581 2816 728 2886 futurum,
751 2833 789 2875 ne
809 2816 905 2876 socios
923 2813 992 2873 iidei
1018 2827 1089 2871 suae

127 2895 305 2971 paeniteret:
318 2896 508 2960 Etruscorum
518 2917 612 2978 prope
621 2898 699 2958 diem
708 2898 833 2958 eandem
843 2897 992 2956 fortunam
1000 2909 1089 2971 quam

128 2975 303 3036 Samnitium
317 2978 392 3039 1444.
427 2983 546 3059 segnius
556 2991 669 3051 tamen,
693 2980 771 3060 quod
791 2978 828 3039 ad
845 2978 994 3039 Etruriam
1015 2973 1116 3035 add-tt

127 3056 231 3129 nebat,
247 3065 311 3121 acta
328 3077 382 3121 res
392 3071 484 3133 esset,
501 3065 532 3122 nl
547 3064 676 3126 Faliscos
693 3080 822 3144 quoque,
845 3060 896 3141 qul
909 3076 964 3138 per
980 3055 1088 3118 multos

127 3159 221 3203 annos
241 3143 273 3203 in
293 3143 421 3205 amicitia
441 3143 575 3215 fuerant,
602 3147 730 3208 adlatum
754 3147 832 3207 14441
856 3161 938 3206 arma
957 3140 1089 3203 Etruscis

125 3226 265 3288 iunxisse.
300 3227 388 3288 huius
402 3228 605 3307 propinquitas
619 3228 721 3308 populi
737 3230 815 3290 acuit
830 3243 931 3288 curam
946 3223 1087 3305 patribus,
1100 3231 1116 3278 7

125 3317 158 3371 ut
172 3309 286 3373 fetiales
302 3311 461 3373 mittendos
476 3310 513 3373 ad
527 3328 576 3371 res
590 3312 767 3390 repetendas
782 3316 946 3371 censerent.
983 3305 1089 3388 quibus

126 3410 185 3454 non
210 3394 334 3457 redditis
357 3414 394 3458 ex
422 3395 595 3458 auctoritate
612 3403 730 3476 patrum
750 3397 831 3457 iussu
852 3391 952 3473 populi
978 3389 1088 3453 bellum

127 3476 247 3541 Faliscis
266 3478 410 3542 indictum
434 3488 492 3551 est,
517 3480 647 3562 iussique
667 3477 804 3543 consules
824 3478 937 3549 sortiri,
962 3484 1029 3540 4144
1051 3479 1116 3537 ene
