2575 4067
229 240 291 305 176
452 253 545 296 uranu
560 256 589 295 x.
605 252 673 297 333.
688 239 731 295 23.
749 188 794 313 [er
802 254 834 295 3.
849 254 876 295 c.
891 209 954 313 433]

200 409 218 462 a
291 401 411 464 invenio
430 400 508 482 apud
523 399 664 482 quosdam
686 399 833 480 extemplo
855 397 1007 461 consulatu
1022 400 1095 461 inito
1110 416 1174 477 pro-

229 486 323 548 iectos
336 487 368 547 ln
381 485 529 552 Etruriam
545 483 667 546 Fabium
680 483 860 565 Deciumque
881 484 945 544 sine
956 481 1016 545 ulla
1029 483 1179 546 merione

229 571 317 633 sortis
335 570 552 650 provinciarum
574 568 825 647 certaminumque
841 569 920 628 iuter
942 566 1083 646 collegas,
1103 583 1180 646 quae

201 655 359 734 conposui.
387 659 455 715 sunt
468 652 573 732 quibus
583 670 622 713 ne
635 651 709 713 baec
725 651 843 731 quidem
857 651 1018 713 certamina
1032 667 1179 731 exponere

228 739 298 800 satis
312 737 409 808 inerit,
424 736 585 798 adiecerint
599 743 629 797 et
640 735 727 815 Appii
741 736 961 796 criminationes
973 733 1009 795 de
1023 732 1113 797 Fabio
1128 732 1179 794 ab·

229 828 312 883 sente
335 819 372 881 ad
397 818 538 900 populum
562 827 592 881 et
615 819 807 899 pertinaciam
833 818 969 879 adversus
994 824 1178 897 praesentem

230 903 382 965 consulem
396 905 542 985 praetoris
559 904 833 983 contentionemque
850 901 936 964 aliam
949 901 1028 962 inter
1043 899 1178 979 collegas,

229 988 369 1049 tendente
384 987 488 1059 Decio,
507 994 540 1048 ut
553 1004 624 1049 suae
638 987 761 1066 quisque
774 985 942 1066 provinciae
957 992 1067 1046 sortem
1081 992 1179 1046 tuere·

203 1080 219 1130 7
230 1079 288 1133 tur.
315 1078 449 1132 mustene
460 1089 508 1132 res
521 1071 625 1150 incipit
635 1088 672 1130 ex
683 1088 718 1131 eo
731 1076 876 1150 tempore,
887 1086 946 1149 quo
956 1067 1082 1148 proiecti
1093 1066 1180 1129 ambo

230 1154 366 1217 consules
383 1154 420 1216 ad
434 1153 544 1216 bellum
560 1161 637 1216 sunt.

294 1240 431 1301 Ceterum
450 1247 606 1319 autequam
626 1235 761 1298 consules
775 1238 807 1298 in
820 1237 968 1299 Etruriam
982 1237 1179 1316 pervenirent,

230 1323 362 1384 Senones
382 1321 456 1384 Galli
477 1320 663 1384 multitudine
680 1322 794 1399 ingenti
812 1319 850 1382 ad
878 1320 1006 1383 Clusium
1027 1326 1178 1390 venerunt,

205 1404 377 1486 elegionem
400 1405 563 1467 Romanam
584 1411 737 1484 castraque
756 1405 962 1484 oppugnaturi.
1002 1403 1113 1484 Scipio,
1128 1403 1180 1481 qui

142 1538 145 1542 .
230 1491 334 1552 castris
350 1496 501 1568 praeerat,
516 1486 581 1548 loco
597 1487 788 1549 adiuvandam
802 1490 978 1568 paucitatem
991 1504 1111 1547 suorum
1124 1485 1180 1546 mi·

229 1571 313 1634 litum
333 1580 428 1641 ratus,
450 1572 482 1631 in
502 1569 622 1642 collem,
645 1572 696 1650 qui
717 1572 796 1632 iuter
817 1570 922 1633 urbem
943 1578 972 1632 et
992 1578 1087 1632 castra
1107 1570 1178 1640 erat,

204 1658 324 1716 9331333
343 1657 444 1715 erexit.
477 1654 543 1724 sed,
566 1661 600 1716 ut
617 1656 650 1715 iu
662 1672 696 1715 re
713 1654 825 1726 subita,
847 1672 952 1735 parum
967 1652 1117 1733 explorato
1132 1654 1179 1713 iti·

230 1756 302 1799 nere
318 1737 355 1798 ad
372 1739 473 1815 iugum
487 1740 631 1818 perrexit,
653 1738 732 1818 quod
752 1739 852 1800 hostes
867 1746 1007 1819 ceperant
1026 1744 1109 1818 parte
1124 1735 1179 1797 alia

232 1820 372 1900 adgressi.
407 1822 448 1882 ita
463 1839 547 1882 caesa
568 1819 605 1881 ab
622 1829 704 1900 tergo
718 1820 795 1901 legio
812 1830 898 1903 atque
921 1824 953 1883 lu
975 1821 1087 1892 medio,
1113 1838 1178 1882 cum

189 1912 221 1965 10
231 1906 324 1967 hostis
337 1905 467 1985 undique
481 1913 616 1983 urgeret,
632 1905 837 1968 circumventa.
867 1904 993 1968 deletam
1007 1922 1124 1985 quoque
1138 1902 1180 1964 ibi

232 1990 394 2069 legionem,
409 1991 451 2051 ita
460 1997 494 2050 ut
507 1990 626 2050 nuntius
640 2006 702 2050 non
715 1997 894 2070 superesset,
912 1988 1029 2069 quidam
1046 1995 1179 2049 auctores

189 2080 218 2132 li
232 2081 314 2146 sunt,
329 2091 385 2136 nec
402 2083 469 2136 ante
485 2073 522 2135 ad
538 2072 687 2150 consules,
702 2075 754 2153 qui
769 2076 827 2136 iam
842 2073 920 2134 baud
934 2071 1037 2153 procul
1052 2091 1069 2135 a
1083 2070 1177 2134 Clusio

230 2158 366 2230 aberant,
387 2157 494 2219 lamam
512 2158 574 2219 eius
589 2157 679 2218 cladis
695 2155 855 2238 perlatam,
875 2174 962 2238 quam
975 2157 1007 2217 ln
1021 2162 1180 2236 conspectu

230 2242 313 2305 inere
330 2241 478 2305 Gallorum
496 2243 620 2322 equites,
634 2240 804 2322 pectoribus
815 2258 957 2321 equorum
973 2257 1115 2319 suspensa
1130 2256 1180 2317 ge·

229 2334 340 2389 3133333
360 2328 455 2406 capita
476 2332 507 2386 et
518 2323 628 2386 lanceis
644 2325 733 2386 infixa
746 2332 922 2404 ovantesque
939 2326 1035 2385 'moris
1054 2323 1101 2385 sui
1115 2339 1179 2384 car·

190 2415 221 2466 13
231 2411 321 2471 mine.
349 2419 418 2471 sunt
431 2411 482 2489 qui
496 2408 624 2470 Umbros
639 2407 743 2481 luisse,
765 2424 826 2470 non
840 2407 950 2478 Gallos,
974 2406 1107 2478 tradant,
1123 2423 1180 2467 nec

230 2501 344 2555 tantum
370 2492 461 2553 cladis
485 2500 652 2572 acceptum,
679 2500 710 2554 et
732 2493 937 2554 circumventis
960 2488 1179 2571 pabulatoribus

230 2592 297 2634 cum
310 2576 344 2635 L.
358 2574 467 2636 Manlio
481 2575 629 2656 Torquato
650 2574 746 2656 legato
768 2576 935 2656 Scipionem
955 2582 1176 2655 propraetorem

229 2656 422 2718 subsidiume
444 2660 547 2719 castris
563 2658 678 2732 tulisse,
700 2660 884 2741 victoresque
903 2657 1031 2723 [imbros
1049 2656 1178 2720 redinte-

230 2746 314 2819 grato
339 2740 452 2821 proelio
477 2742 568 2803 rictus
595 2760 674 2814 esse,
705 2746 890 2825 captivosque
915 2743 957 2805 eis
980 2760 1015 2804 ac
1039 2740 1178 2823 praedam

189 2823 406 2905 13ademptam.
442 2823 564 2886 sirnillus
584 2844 655 2889 vero
670 2835 714 2889 est
733 2827 847 2890 aGallo
862 2828 946 2889 boote
966 2843 1054 2906 quam
1067 2824 1178 2886 Umbro

230 2927 295 2971 eam
313 2908 426 2971 cladem
440 2918 604 2990 acceptam,
619 2911 777 2993 quodcum
792 2930 878 2992 saepe
893 2910 963 2973 alias
973 2917 1036 2971 tum
1051 2928 1087 2971 eo
1101 2926 1180 2970 anno

188 3003 220 3053 14
232 2993 335 3056 Gallici
348 2993 488 3057 tumultus
512 2996 689 3075 praecipuus
709 3002 807 3056 terror
822 2996 966 3056 civitatem
989 2994 1094 3054 tenuit.
1125 2994 1177 3053 ita·

230 3097 287 3157 que
302 3086 507 3159 praeterquam
522 3079 601 3158 quod
615 3078 702 3140 ambo
723 3078 857 3141 consules
876 3078 1000 3159 proiecti
1016 3076 1054 3138 ad
1069 3073 1179 3137 bellum

230 3169 315 3224 erant
324 3180 391 3224 cum
404 3169 541 3243 quattuor
552 3161 718 3241 legionibus
736 3171 766 3224 et
779 3180 886 3242 magno
902 3163 1032 3244 equitatu
1047 3160 1180 3223 Romano

230 3245 442 3327 Campanisque
456 3244 537 3309 mille
552 3247 698 3327 equitibus
721 3245 841 3308 deiectis
861 3245 897 3307 ad
913 3244 944 3306 id
960 3244 1070 3307 bellum
1083 3245 1182 3307 missis

230 3336 259 3389 et
272 3330 419 3392 sociorum
433 3331 618 3411 nominisque
633 3332 728 3394 Latini
748 3331 860 3393 maiore
875 3331 1007 3392 exercitu
1021 3346 1110 3409 quam
1121 3328 1182 3389 lio·

189 3418 220 3471 13
231 3429 332 3483 mano,
348 3412 398 3473 alii
412 3413 469 3474 (luo
484 3417 629 3478 exercitus
639 3415 718 3477 baud
733 3413 837 3495 procul
851 3412 925 3475 urbe
938 3412 1074 3475 Etruriae
1087 3428 1183 3492 oppo-

230 3494 295 3565 siti,
310 3513 386 3557 unus
398 3497 430 3557 iu
443 3496 571 3571 Falisco,
588 3499 662 3561 alter
676 3502 707 3561 in
722 3500 861 3561 Vaticano
878 3515 958 3579 agro.
992 3498 1045 3561 Cn.
1062 3496 1183 3559 Fulvius
