2575 4067
212 279 218 290 ·
288 246 329 309 34
493 235 941 318 nmnnv11.csr.32.[e.n.e,
959 233 1020 317 ⁴11]

287 409 382 477 ulam,
406 404 558 468 Cornelius
578 407 609 467 in
631 406 796 474 Samnium,
821 403 871 465 ille
893 402 930 463 ad
951 409 1082 463 montem
1103 402 1250 475 Gaurum,

253 500 270 552 3
284 492 333 553 hic
348 490 385 551 ad
399 490 556 553 Saticulam
571 498 667 552 castra
680 496 803 570 ponunt.
835 488 929 569 priori
938 485 1055 548 Valerio
1068 485 1251 550 Samnitium

286 574 418 655 legiones
435 609 470 620 -
493 593 527 636 ee
543 592 670 654 namque
686 590 804 635 emnem
821 572 891 634 belli
907 568 1015 631 molem
1035 569 1250 632 inclinaturam

287 657 448 721 censebant
470 692 511 703 -
528 665 699 720 occurrunt
730 656 817 718 simul
839 659 870 717 in
895 655 1060 734 Campanos
1075 653 1250 716 stimulabat

285 745 343 812 ira,
358 749 418 803 tam
436 750 590 822 promptos
610 758 691 802 nunc
713 740 750 802 ad
767 740 890 801 serenda
910 756 991 798 nune
1011 737 1047 798 ad
1063 738 1249 800 accersenda

253 838 271 885 4
285 828 424 889 adversus
435 844 467 887 se
479 825 600 894 auxilia3
621 834 655 886 ut
665 843 735 885 vere
748 833 844 885 castra
854 825 985 885 Romana
996 821 1148 893 viderunt,
1165 823 1247 883 iero·

285 913 360 972 citer
380 928 436 990 pre
458 928 490 971 se
512 911 636 989 quisque
664 910 782 988 signum
808 907 898 969 duces
917 923 1058 986 poscere3
1085 905 1247 968 adfirmare

286 992 388 1055 eadem
396 992 842 1072 iortunaRemanumGampane
855 991 982 1051 laturum
990 1007 1084 1069 opem,
1093 1005 1151 1067 qua
1159 991 1246 1052 Cam·

253 1086 269 1135 5
283 1094 379 1158 panus
393 1077 522 1139 Sidicino
537 1075 648 1139 tulerit.
670 1074 801 1138 Valerius
807 1074 919 1137 levibus
925 1071 1135 1135 certaminibus
1147 1082 1245 1153 temp·

283 1159 365 1221 tandi
375 1159 467 1222 bostis
478 1159 650 1223 causahaud
659 1161 700 1222 lta
710 1158 952 1221 multesmoratus
963 1156 1026 1218 dies
1037 1158 1154 1236 signum
1169 1177 1245 1239 pug-

285 1262 340 1306 nae
351 1246 512 1326 proposuit,
527 1246 628 1326 paucis
636 1262 705 1306 suos
720 1243 898 1314 adhortatus,
906 1260 944 1303 ne
953 1258 1061 1302 norum
1074 1240 1186 1303 bellum
1193 1260 1244 1302 ecs

252 1335 433 1408 tnorusque
449 1329 541 1391 hostis
556 1336 697 1391 terreret:
714 1328 855 1408 quldquid
867 1325 903 1389 ab
914 1324 989 1388 urbe
999 1323 1115 1405 longius
1125 1325 1243 1405 prefer·

283 1420 352 1473 rent
367 1429 463 1482 arma,
480 1414 574 1491 magis
585 1414 737 1492 magisque
750 1413 782 1473 in
797 1410 922 1472 inbelles
935 1417 1037 1490 gentes
1048 1428 1100 1471 ees
1110 1410 1243 1490 prodice.

252 1504 268 1552 't
284 1513 322 1555 ne
335 1495 533 1557 Sidicinorum
539 1497 814 1577 Campanorumque
821 1492 952 1556 cladibus
963 1494 1137 1554 Samnitium
1154 1495 1243 1555 aesti-

284 1586 401 1638 marent
418 1579 569 1641 virtutem:
588 1579 816 1659 qualescumque
835 1579 913 1640 inter
927 1595 958 1639 se
974 1579 1167 1649 certaverint,
1189 1595 1242 1639 ue·

284 1678 368 1723 cesse
382 1661 482 1743 iulspe,
498 1661 836 1745 alterampartemvinel.
857 1663 1021 1742 Campanos
1032 1661 1150 1741 quidem
1162 1662 1243 1723 haud

285 1743 374 1805 dubie
389 1748 483 1825 magis
504 1749 595 1808 nimio
615 1747 688 1808 luxu
710 1746 868 1808 liuentibus
882 1744 972 1806 rebus
988 1744 1171 1825 mollitiaque
1188 1763 1241 1807 sua

252 1836 372 1908 squam
386 1831 414 1889 vi
429 1830 557 1891 hostium
579 1832 671 1893 uetes
690 1848 764 1891 esse.
802 1828 873 1911 quaid
893 1837 991 1891 autem
1012 1847 1076 1890 esse
1096 1829 1155 1890 uuo
1170 1848 1241 1909 pre·

284 1929 370 1991 spera
384 1913 416 1973 in
433 1921 476 1976 tet
492 1912 615 1975 saeculis
631 1912 709 1975 bella
726 1914 901 1976 Samnitium
921 1913 1059 1974 adversus
1073 1919 1117 1973 tot
1132 1912 1241 1975 decora

283 1995 385 2075 pepuli
399 1996 537 2068 Romani,
560 2000 609 2078 qui
630 1997 794 2078 triumphos
808 2015 903 2077 paene
922 1996 1023 2078 plures
1044 2014 1132 2076 quam
1147 2014 1240 2059 annos

253 2088 269 2138 9
284 2078 321 2139 ab
328 2079 526 2143 urbeccndita
537 2089 687 2154 numeret,
700 2082 751 2162 qui
762 2084 860 2144 emnia
866 2084 945 2142 circa
951 2100 992 2153 se,
1006 2080 1140 2152 Sabinos,
1153 2081 1240 2142 Etru·

285 2165 367 2234 riam,
380 2164 508 2238 Latinos,
522 2165 945 2246 Hernicos,lequcs,Velsc0s,
954 2165 1116 2235 Auruncus,
1130 2165 1239 2226 domita

284 2250 374 2310 armis
390 2250 511 2323 habeat,
530 2253 580 2331 qul
597 2249 697 2313 Gallos
719 2257 763 2311 tet
783 2248 904 2330 proeliis
923 2267 1025 2311 caeses
1039 2256 1190 2329 pestremo
1208 2252 1239 2310 in

243 2339 366 2394 lemare
380 2352 414 2395 ac
430 2354 519 2397 nares
529 2335 599 2413 iuga
610 2331 785 2414 conpulerit.
814 2351 882 2394 cum
893 2333 986 2413 gloria
1001 2331 1072 2393 belli
1086 2350 1121 2394 ac
1131 2334 1239 2395 virtute

283 2435 335 2500 sua
348 2436 494 2497 quemque
506 2419 598 2479 iretcs
608 2419 654 2479 ire
663 2417 694 2476 ln
705 2418 799 2478 aciem
812 2416 929 2489 debere,
945 2425 1008 2478 tum
1020 2417 1108 2478 etiam
1119 2418 1238 2490 intueri,

242 2506 274 2557 il
286 2500 368 2559 cuius
389 2499 478 2560 ductu
501 2501 688 2580 auspicioque
707 2500 836 2561 ineunda
855 2518 953 2581 pugna
975 2503 1026 2571 sit,
1049 2507 1169 2572 uuum,
1189 2505 1239 2582 qui

285 2580 446 2643 audiendus
458 2581 608 2644 dumtaxat
620 2583 794 2661 magnificus
806 2583 977 2646 adhortator
993 2586 1045 2655 sit,
1059 2584 1159 2645 verbis
1174 2593 1238 2647 tan·

284 2669 347 2723 tum
363 2663 467 2736 ferox,
484 2683 607 2746 eperum
621 2667 792 2729 militarium
808 2686 921 2749 expers,
938 2686 974 2729 an
991 2668 1042 2747 qul
1056 2670 1164 2747 etipse
1182 2668 1238 2730 tela

283 2752 424 2818 tractare,
435 2750 598 2830 procedere
609 2758 678 2812 ante
690 2750 787 2830 signa,
799 2754 910 2813 versari
921 2751 1018 2813 media
1029 2753 1060 2812 in
1071 2750 1150 2812 mele
1164 2771 1237 2833 pug-

241 2839 337 2891 itnae
359 2834 441 2894 sciat.
479 2835 583 2903 „iacta
603 2854 685 2907 mea,
706 2852 766 2897 non
790 2836 953 2908 dictares,
975 2834 1110 2896 milites“
1132 2837 1235 2918 inquit,

274 2939 300 2986 ¹„
308 2917 391 2996 sequi
413 2915 479 2979 vole
500 2918 755 3000 necdisciplinam
769 2918 872 2990 medo,
894 2919 947 2980 sed
967 2917 1133 2999 exemplum
1150 2923 1235 2982 etiam

282 3018 362 3061 ame
377 3008 489 3081 petere.
524 3021 584 3064 nen
599 3001 775 3064 lectionibus
793 3000 913 3086 [modo]
935 3021 990 3065 nec
1004 3022 1059 3083 per
1084 3005 1235 3074 coitiones,

280 3085 401 3146 usitatas
411 3083 567 3157 nobilibus,
580 3086 632 3146 sed
647 3086 702 3146 hac
709 3085 811 3148 dextra
822 3086 895 3148 mihi
906 3095 967 3148 tres
978 3085 1146 3149 consulatus
1158 3106 1236 3149 sum·

241 3174 273 3229 lt
281 3185 419 3246 mamque
430 3167 546 3229 laudem
560 3170 673 3249 peperi.
708 3168 774 3241 init,
791 3188 858 3232 cum
870 3171 928 3233 hec
943 3172 1001 3232 dici
1014 3176 1145 3250 peterat:
1166 3189 1235 3252 „pa-

280 3252 383 3312 tricius
400 3252 480 3313 enlm
494 3270 560 3313 eras
572 3261 601 3315 et
616 3271 632 3313 a
647 3252 853 3317 liberatoribus
866 3257 979 3335 patriae
990 3261 1072 3316 crtus
1088 3255 1232 3316 eteoclem

281 3351 357 3396 anno
378 3333 490 3397 lamllia
514 3339 570 3399 ista
591 3336 791 3410 consulatum,
815 3358 874 3420 quc
894 3338 965 3400 urbs
989 3339 1064 3399 haec
1084 3337 1234 3399 consulem

236 3423 271 3477 14
283 3414 428 3479 habuit:“
453 3437 532 3482 nunc
555 3423 613 3484 iam
634 3421 719 3484 nobis
741 3423 874 3502 patribus
892 3421 1033 3503 vobisque
1053 3418 1151 3501 plebel
1166 3439 1234 3502 pre·

279 3499 409 3562 miscuns
420 3503 588 3566 consulatus
601 3514 697 3585 patet,
713 3523 769 3568 nec
785 3509 918 3587 generis,
933 3516 964 3569 ut
977 3512 1061 3575 ante,
1078 3505 1131 3566 sed
1144 3506 1235 3567 virtu·
