2575 4067
216 258 311 300 ursus
325 257 379 301 vn.
405 256 474 301 oar.
491 244 531 298 16.
552 245 594 299 17.
610 235 651 319 [a.
667 239 702 302 O.
716 240 857 324 boellio]
976 247 1016 311 17
1025 324 1036 341 ·

16 423 17 426 ’
53 408 196 474 Romanis
211 422 272 467 non
286 402 487 465 reddiderant.
522 422 556 465 ea
571 407 722 483 prouincia
737 407 790 468 Cn.
802 408 910 470 ldanlio
926 409 1046 472 obre-8

52 495 106 555 nit.
119 491 247 553 Marcius
253 489 415 550 exercitum
426 489 567 567 iuagrum
573 488 774 552 Privernatem
786 492 932 570 integrum
942 513 1017 574 paee

51 577 216 655 longinqua
230 572 345 634 induxit
359 571 541 653 militemque
557 572 668 652 praeda
684 575 814 653 inplevit.
846 577 883 638 ad
901 580 1016 658 copiam

50 677 158 723 rerum
174 656 285 720 addidit
301 656 547 727 munificentiam,
571 656 650 737 quod
665 656 738 717 nibil
754 659 785 718 in
802 658 953 737 publicum
970 682 1016 723 se·

51 742 207 807 cernendo
222 742 342 820 augenti
364 757 429 801 rem
450 741 594 820 privatam
614 739 701 802 militi
725 740 803 804 iavit.
832 742 1050 807 Privernatesl

52 848 122 891 cum
140 833 206 888 ante
224 825 342 886 moenia
357 842 410 887 sua
424 824 529 885 eastris
542 826 718 903 permunitis
734 826 949 897 consedissent,
967 848 1016 890 vo·

52 913 130 974 catis
144 909 180 971 ad
198 911 366 972 condonem
382 907 523 970 militibus
537 917 658 979 „casua
673 918 779 971 nune“
800 911 895 991 inquit
913 912 1017 983 „uobis

51 995 185 1059 hostium
197 993 360 1073 urbemque
375 992 501 1073 praedae
516 990 563 1064 do,
577 993 603 1053 si
616 992 690 1054 mibi
699 993 881 1075 pollicemini
892 1014 942 1057 ros
955 997 1015 1059 lor·

52 1081 126 1142 titer
139 1080 171 1139 in
188 1079 250 1140 acie
264 1094 385 1158 operam
408 1084 566 1139 navaturos
585 1094 642 1138 nec
663 1078 792 1159 praedae
814 1081 906 1159 magis
927 1100 1016 1161 quam

51 1180 172 1246 pugnae
192 1170 311 1242 paratos
331 1168 427 1222 esse.“
460 1162 577 1239 signum
597 1171 725 1241 poscunt
747 1164 861 1242 ingenti
878 1162 1048 1238 clamored

16 1251 21 1262 “
53 1247 185 1326 celsique
201 1254 231 1307 et
244 1263 297 1327 spe
309 1243 389 1306 haud
403 1243 491 1307 dubia
505 1244 619 1306 seroces
632 1247 663 1306 iu
678 1245 824 1326 proelium
839 1246 954 1309 uadunt.
975 1248 1016 1310 ibi

54 1339 124 1394 autc
138 1332 222 1409 signa
237 1330 304 1393 Sex.
316 1327 442 1400 Tullius,
459 1329 495 1390 de
509 1348 566 1410 quo
579 1330 770 1392 antedictum
782 1339 841 1403 est,
857 1329 1014 1394 exclamat:

53 1431 197 1562 iiiiii
209 1413 1016 1580 ,sibisibi’paillissiitllliilii

52 1585 84 1645 in
107 1584 226 1645 hostem
248 1582 391 1663 impetum
412 1581 490 1643 lecit.
523 1588 664 1643 secuntur
680 1582 809 1645 Tullium
832 1585 1047 1662 antesignanis

53 1685 160 1729 omnes
173 1667 330 1747 primoque
344 1667 457 1746 impetu
474 1673 608 1728 auertere
625 1667 761 1736 bostem
780 1667 877 1730 iusum
893 1668 962 1729 inde
978 1668 1016 1732 ad

52 1751 196 1832 oppidum
206 1751 372 1831 persecuti,
390 1765 458 1811 cum
471 1751 530 1812 iam
541 1749 635 1812 scalas
649 1749 804 1812 moenibus
815 1751 1013 1822 admoverent,

53 1836 85 1896 in
101 1834 282 1896 deditionem
296 1833 402 1895 urbem
413 1842 601 1914 acceperunt.
631 1836 797 1916 triumpbus
812 1835 848 1896 de
859 1835 1015 1898 Priverna-

53 1918 134 1980 tibus
157 1927 248 1981 actus.
285 1916 320 1980 ab
339 1916 432 1980 altero
452 1917 572 1980 console
593 1918 666 1980 nibil
683 1918 874 1982 memorabile
889 1929 1010 1999 gestum,
1030 1935 1046 1985 7

56 2002 115 2063 nisi
127 2003 206 2081 quod
215 2002 311 2082 legem
318 2019 393 2062 noro
401 2000 535 2083 exemplo
542 2002 578 2063 ad
585 2002 716 2065 Sutrium
727 2004 870 2066 incastris
880 2003 1014 2067 tributim

56 2086 95 2147 de
110 2086 266 2148 uicensima
280 2104 399 2155 eorum,
418 2087 468 2166 qui
483 2087 789 2161 manumitterentur,
812 2086 886 2149 tulit.
904 2096 1014 2169 patres,

54 2171 125 2251 qula
141 2186 175 2230 ea
197 2168 260 2249 lege
276 2169 355 2231 haud
375 2186 498 2250 parvum
511 2168 633 2246 vectigal
651 2171 733 2250 inopi
753 2172 867 2232 aerario
885 2171 1015 2233 additum

54 2261 148 2324 esset,
167 2261 302 2315 auctores
316 2253 446 2315 luerunt.
476 2259 608 2313 ceterum
632 2251 744 2313 tribuni
766 2252 861 2332 plebis
881 2271 941 2315 non
955 2261 1047 2316 tamt

54 2337 119 2418 lege
135 2356 224 2417 quam
236 2337 371 2418 exemplo
386 2337 474 2409 moti,
491 2354 528 2397 ne
543 2337 608 2417 quis
622 2343 724 2416 postea
742 2334 883 2417 populum
898 2354 1015 2398 sevoca-

54 2431 115 2494 ret,
135 2424 231 2502 capite
246 2428 420 2484 sanxerunt:
441 2419 514 2482 nibil
538 2422 616 2483 enim
631 2438 693 2482 non
708 2438 763 2502 per
781 2418 890 2482 milites
903 2422 1015 2482 iuratos

55 2507 85 2566 in
102 2504 234 2567 consulis
249 2503 339 2566 uerba
352 2506 484 2586 quemvis
497 2506 697 2585 perniciosum
711 2503 836 2586 populo,
856 2506 882 2566 sl
898 2504 929 2567 id
943 2504 1015 2567 liee-

55 2598 113 2661 ret,
135 2590 208 2650 lerri
229 2606 326 2670 posse.
343 2622 378 2634 -
400 2588 512 2651 Eodem
533 2608 610 2651 anno
631 2589 664 2653 G.
685 2590 815 2651 Licinius
836 2589 917 2667 Stolo
937 2609 954 2653 a
976 2590 1048 2652 llil

54 2672 169 2754 Popilio
184 2673 312 2735 Laenate
324 2691 376 2735 sua
386 2670 452 2753 iege
466 2674 569 2736 decem
578 2672 697 2734 milibus
709 2673 785 2736 aeris
795 2680 841 2733 est
851 2672 1014 2745 damnatus,

53 2758 134 2838 quod
148 2756 230 2820 mille
240 2758 376 2836 iugerum
387 2758 451 2836 agri
462 2775 528 2818 cum
540 2755 599 2817 lilio
611 2756 776 2838 possideret
787 2757 1014 2838 emancipando·

52 2859 114 2922 que
128 2840 221 2902 lilium
236 2839 371 2902 fraudem
386 2839 444 2920 legi
459 2842 586 2903 lecisset.

120 2923 206 2984 llllll.
237 2924 312 2987 Novi
327 2923 462 2988 consules
472 2924 551 2995 inde,
564 2924 603 2986 lli.
615 2924 724 2985 Fabius
734 2924 893 2988 Ambustus
906 2924 1015 2986 iterum
1032 2930 1046 2983 l

55 3016 86 3070 et
103 3006 143 3068 M.
161 3007 289 3088 Popilius
306 3007 418 3071 Laenas
442 3010 565 3080 iterum,
585 3008 642 3070 duo
666 3006 742 3068 bebo
764 3007 909 3079 habuere,
929 3006 1015 3068 iacile

55 3090 184 3153 alterum
200 3108 267 3153 cum
277 3091 463 3166 Tiburtibus,
478 3092 556 3174 quod
571 3093 684 3154 Laenas
699 3092 802 3171 gessit,
821 3092 871 3172 qui
884 3090 969 3152 hoste
983 3091 1015 3152 ln

54 3174 163 3237 urbem
180 3175 322 3256 conpulso
343 3194 430 3256 agros
450 3177 585 3247 vasum:
607 3176 714 3239 Falisci
729 3176 1046 3255 Tarquiniensesquet

55 3258 182 3321 alterum
190 3258 341 3322 consulem
352 3263 446 3342 prima
458 3278 557 3340 pugna
569 3259 718 3322 fuderunt.
740 3259 809 3320 inde
819 3260 1047 3321 terrormaxi-8

54 3361 124 3404 mus
139 3344 211 3415 luit,
235 3344 314 3425 quod
330 3345 499 3407 sacerdotes
521 3361 624 3405 eorum
645 3342 760 3405 lacibus
778 3341 950 3405 ardentibus
964 3360 1016 3404 an·

56 3426 223 3509 guibusque
237 3428 377 3507 praelatis
397 3431 516 3491 incessu
530 3426 629 3489 iuriali
648 3426 772 3488 militem
791 3426 956 3489 Romanum
969 3427 1016 3487 iu·

56 3517 142 3573 sueta
155 3511 350 3575 turbaverunt
362 3516 471 3594 specie.
501 3521 531 3575 et
550 3519 612 3575 tum
632 3510 752 3594 quidem
776 3510 853 3573 velut
874 3509 1017 3591 lympbatl

103 3627 130 3664 Τ.
143 3628 205 3664 mx
218 3628 289 3666 PAM
302 3630 335 3665 11.
794 3601 813 3660 ²
