2575 4067
257 215 299 277 40
432 228 526 269 nmen
541 228 596 270 vu.
613 228 685 269 cnr.
698 214 742 267 36.
759 215 802 266 37.
822 205 862 288 [a.
877 231 909 269 u.
926 230 952 267 o.
968 206 1029 288 411]

218 374 390 439 redonibus
407 377 536 455 capiunt
570 376 720 456 perfertur
737 377 815 436 circa
831 374 938 437 collem
951 374 1063 437 clamor
1076 375 1226 457 fugatque

258 479 295 523 ex
310 460 371 522 sule
385 477 531 540 quemque
547 459 710 541 praesidiis.
742 461 783 521 ita
797 477 904 539 magna
925 476 995 540 pars
1009 458 1126 521 absenti
1140 460 1226 522 hosti

258 545 361 615 cessit;
380 561 453 624 quos
467 545 546 606 intra
562 542 670 606 vallum
686 552 787 623 egerat
799 561 892 624 pavor
908 542 1047 605 —fuere
1063 551 1166 605 autem
1184 544 1224 605 ad

257 628 379 707 trigInta
394 627 474 689 milia
487 664 529 678 -
545 646 648 690 omnes
662 629 753 699 caesi,
771 635 867 689 castra
883 626 1007 708 direpta.

227 720 242 772 1
317 711 456 774 XXXVII.
493 711 536 774 lta
557 711 649 774 rebus
674 712 764 791 gestis
785 710 888 773 consul
916 711 1057 772 advocata
1077 712 1222 773 contione

256 795 289 859 P.
303 796 386 858 Decii
401 813 461 857 uon
478 802 597 876 coeptas
612 794 708 858 solum
722 803 789 858 ante
810 794 863 858 sed
882 793 1043 856 cumulatas
1062 813 1137 857 nora
1158 797 1222 856 tir·

257 887 320 942 tute
334 878 436 941 laudes
451 881 580 960 peragit,
604 887 633 941 et
655 887 775 960 praeter
789 879 927 941 militaria
950 877 1005 939 slis
1028 878 1105 939 dona
1125 897 1220 940 aurea

257 981 368 1026 corona
382 981 449 1025 eum
464 970 494 1024 et
508 970 625 1024 centum
639 962 736 1025 bubus
756 965 923 1043 eximioque
943 981 1002 1024 uno
1025 961 1092 1023 albo
1114 964 1220 1043 opimo

226 1047 367 1109 zauratis
388 1045 527 1107 cornibus
548 1045 647 1108 donat.
681 1046 803 1119 milites,
833 1049 884 1127 qui
905 1050 937 1108 in
955 1046 1103 1127 praesidio
1125 1046 1217 1108 simul

257 1131 389 1199 inerant,
412 1129 523 1210 duplici
542 1130 691 1192 frumento
715 1133 959 1213 inperpetuum,
987 1132 1019 1191 in
1045 1133 1216 1210 praesentia

259 1210 404 1297 [siugulis]
420 1212 516 1277 bubus
530 1216 620 1295 privis
634 1214 770 1296 binisque
784 1216 892 1277 tunicis
905 1214 1014 1276 donati.
1049 1214 1214 1276 secundum

257 1297 385 1362 consulis
405 1298 592 1361 donationem
618 1298 750 1379 legiones
770 1300 949 1379 gramineam
971 1315 1112 1359 coronam
1133 1297 1210 1359 obsi·

257 1382 381 1454 dialem,
408 1381 536 1444 clamore
558 1382 670 1445 donum
693 1382 903 1464 adprobantes,
931 1381 1020 1445 becio
1048 1382 1213 1461 inponunt;

257 1465 350 1529 altera
365 1482 491 1536 corona,
509 1465 639 1529 eiusdem
650 1467 771 1529 honoris
785 1466 889 1535 index,
903 1485 920 1528 a
935 1465 1083 1546 praesidio
1098 1484 1152 1526 suo
1167 1467 1214 1526 in·

225 1558 242 1611 3
255 1551 349 1630 posita
369 1554 423 1609 est.
451 1548 497 1609 his
513 1549 669 1612 decoratus
682 1550 845 1629 insignibus
857 1550 962 1611 bovem
976 1549 1115 1610 eximium
1125 1549 1214 1610 Marti

255 1629 432 1702 immolarit;
450 1640 568 1695 centum
582 1632 672 1696 boves
685 1634 827 1697 militibus
839 1634 916 1696 dono
935 1633 1028 1703 dedit,
1047 1634 1097 1712 qui
1111 1650 1213 1694 secum

256 1718 287 1778 in
308 1714 494 1795 expeditione
517 1716 643 1779 luerent.
679 1718 785 1780 iisdem
806 1716 949 1780 militibus
968 1715 1101 1795 legiones
1120 1715 1212 1778 libras

257 1798 346 1860 larris
364 1805 394 1860 et
404 1801 547 1861 sextarios
563 1803 622 1862 vini
643 1801 845 1873 contulerunt3
868 1803 1026 1881 omniaque
1042 1818 1076 1861 ea
1096 1801 1210 1879 ingenti

256 1881 408 1944 alacritate
427 1901 482 1963 per
497 1882 658 1947 clamorem
678 1884 850 1957 militarem,
867 1886 996 1947 indicem
1012 1883 1143 1945 omnium
1161 1884 1210 1945 ad·

256 1983 372 2036 sensus,
390 1966 576 2045 gerebantur.

223 2055 242 2106 4
319 2049 420 2111 Tertia
439 2068 535 2130 pugna
557 2051 595 2112 ad
615 2050 783 2114 Suessulam
798 2054 953 2115 commissa
975 2059 1033 2123 est,
1054 2070 1110 2133 qua
1128 2052 1210 2131 iuga·

255 2141 303 2196 tus
318 2151 334 2195 a
350 2133 388 2195 Μ.
404 2134 519 2197 Valerio
535 2137 710 2198 Samnitium
728 2138 873 2198 exercitus
891 2137 972 2198 omni
986 2134 1095 2197 robore
1108 2137 1210 2197 iuven·

255 2219 326 2281 tutis
354 2217 441 2281 domo
466 2221 559 2282 accito
587 2221 749 2283 certamine
771 2219 875 2283 ultimo
901 2220 1050 2281 fortunam
1081 2221 1211 2301 experiri

224 2303 365 2365 istatuit.
396 2302 433 2364 ab
451 2303 588 2367 Suessula
610 2305 706 2367 nuntii
720 2304 829 2384 trepidi
847 2304 989 2385 Capuam,
1011 2303 1081 2365 inde
1097 2305 1210 2385 equites

222 2388 335 2447 deitati
356 2387 392 2447 ad
409 2386 557 2450 Valerium
577 2388 728 2451 consulem
744 2406 831 2469 opem
846 2396 961 2450 oratum
979 2388 1108 2449 veniunt.
1139 2405 1209 2448 con·

254 2469 352 2531 lestim
372 2471 456 2547 signa
475 2478 568 2543 mota,
588 2471 758 2552 relictisque
780 2471 988 2552 inpedimentis
1001 2482 1031 2534 et
1045 2479 1209 2533 castrorum

254 2551 349 2612 valido
363 2552 509 2630 praesidio
523 2556 630 2634 raptim
645 2556 741 2633 agitur
752 2574 874 2636 agmen;
890 2573 945 2616 nec
959 2553 1064 2636 procul
1075 2554 1112 2616 ab
1126 2554 1209 2617 hoste
1275 2603 1276 2614 ,

254 2632 352 2695 locum
372 2636 579 2715 perexiguum,
605 2645 637 2699 ut
661 2638 775 2719 quibus.
788 2646 908 2721 praeter
933 2657 1024 2720 equos
1044 2644 1209 2701 ceterorum
1275 2691 1276 2708 ,

223 2724 239 2773 7
254 2717 453 2782 iumentorum
463 2719 656 2802 calonumque
668 2721 754 2785 turba
769 2722 893 2794 abesset,
907 2724 1010 2786 castris
1022 2723 1106 2802 cepit
1127 2722 1208 2784 Sam·
1275 2725 1276 2728 ’

255 2800 360 2863 uitium
384 2804 546 2878 exercitus,
571 2805 650 2868 velut
673 2806 751 2869 haud
770 2805 831 2869 ulla
857 2824 940 2870 mora
965 2823 1082 2887 pugnae
1112 2805 1208 2867 lutura

256 2891 347 2957 esset,
362 2886 456 2949 aciem
470 2889 605 2961 instruit;
620 2891 741 2962 deinde,
757 2899 912 2972 postquam
927 2908 1015 2951 nemo
1026 2889 1128 2951 obvius
1138 2888 1206 2959 ibat,

222 2969 367 3032 tiniestis
383 2971 473 3051 signis
488 2973 525 3036 ad
547 2981 643 3036 castra
667 2975 795 3036 bostium
810 2973 950 3038 succedit.
979 2972 1019 3034 ibi
1036 2981 1070 3036 ut
1086 2973 1206 3034 militem

253 3057 285 3116 ln
298 3053 374 3117 vallo
392 3057 476 3129 sidit,
491 3060 632 3138 missique
647 3057 683 3120 ab
699 3059 780 3119 omui
792 3066 877 3139 parte
893 3056 1092 3139 exploratum,
1122 3076 1206 3137 quam

253 3138 285 3199 in
306 3140 444 3218 exiguum
471 3140 574 3203 orbem
600 3149 751 3203 contracta
776 3150 872 3204 castra
894 3149 1008 3213 essent,
1032 3142 1207 3222 paucitatem

222 3226 239 3280 9
252 3220 322 3284 iude
333 3223 460 3286 hostium
478 3223 663 3305 colligentes,
675 3224 861 3300 rettulemnt,
874 3227 1002 3288 lremere
1014 3227 1110 3287 omnis
1122 3226 1205 3295 acies,

254 3305 432 3385 conplendas
448 3326 513 3371 esse
533 3309 625 3373 fossas
639 3309 891 3393 scindendumque
905 3308 1013 3372 vallum
1025 3316 1054 3370 et
1067 3311 1099 3371 in
1114 3316 1206 3371 castra

252 3387 497 3468 inrumpendam
511 3400 750 3475 transactumque
766 3414 800 3457 ea
814 3395 980 3456 temeritate
997 3392 1107 3455 bellum
1121 3392 1204 3462 foret,

211 3469 287 3531 loni
303 3468 393 3532 duces
414 3478 626 3538 continuissent
639 3479 782 3553 impetum
804 3478 941 3541 militum.
971 3484 1118 3547 ceterum,
1140 3477 1204 3557 quia
