2575 4067
388 213 513 280 184
775 226 965 272 cnam
994 230 1056 271 x.
1092 228 1231 272 ou».
1254 216 1341 271 aa.
1372 216 1460 271 34.
1491 206 1570 291 [a.
1605 228 1666 273 ιι.
1703 230 1758 273 ο.
1786 209 1911 292 460]

388 377 475 456 git
498 375 563 437 L.
595 375 957 438 Postumium
990 375 1292 439 consulem
1338 376 1570 438 vixdum
1612 375 1864 438 validum
1905 378 2196 455 proticisci
2227 397 2303 441 ex

326 466 366 522 9
389 457 555 522 urbe.
631 460 797 539 prius
838 466 1036 521 tamen
1074 478 1250 540 quam
1280 460 1494 531 exiret,
1538 458 1819 521 mnitibus
1858 460 2048 522 edicto
2092 461 2305 523 Soram

385 543 561 616 iussis
591 544 907 605 convenire
921 589 938 614 ,
983 543 1110 623 ipse
1149 542 1354 605 aedem
1393 542 1709 615 Victoriae,
1754 560 1928 624 quam
1969 543 2171 606 aedilis
2197 563 2304 606 cu·

387 625 534 688 rulls
564 644 636 688 ex
662 626 981 689 multaticia
1010 628 1261 706 pecunia
1286 625 1618 688 faciendam
1644 635 1967 699 curaverat,
1999 626 2302 689 dedicavit.

304 715 371 770 10
390 711 471 772 ita
501 709 574 772 ad
612 711 935 772 exercitum
965 709 1265 789 profectus
1301 708 1374 770 ab
1404 708 1550 771 Sora
1580 711 1644 773 in
1679 710 1983 772 Samnium
2011 710 2086 771 ad
2114 718 2306 773 castra

390 792 651 873 collegae
677 795 958 873 perrexit.
1015 793 1153 854 inde
1182 800 1494 872 postquam
1525 792 1819 855 Samnites
1866 792 2042 856 diffisi
2075 794 2305 857 duobus

390 876 743 940 exercitibus
803 877 1000 938 resisti
1060 894 1236 957 posse
1289 884 1664 937 recesserunt
1678 924 1694 948 ,
1764 877 1978 940 diversi
2033 878 2307 940 consules

387 960 461 1022 ad
524 959 836 1023 vastandos
897 977 1070 1038 agros
1138 958 1436 1039 urbesque
1497 959 1918 1040 oppugnandas
1977 959 2301 1023 disc'edunt.

334 1051 361 1104 1
389 1043 639 1107 XXXIV.
683 1043 1018 1106 Postumius
1046 1041 1366 1105 Milioniam
1393 1060 1736 1123 oppugnare
1765 1043 2004 1106 adortus
2033 1046 2089 1105 vi
2109 1047 2306 1125 primo

390 1135 563 1207 atque
601 1126 854 1208 impetu,
910 1127 1077 1198 dein,
1132 1132 1440 1207 postquam
1502 1144 1570 1189 ea
1619 1144 1830 1206 parum
1883 1126 2304 1206 procedebant,

331 1218 367 1271 2
391 1229 573 1291 opere
626 1229 695 1274 ac
744 1212 929 1273 vineis
974 1209 1211 1272 demum
1250 1210 1527 1270 iniunctis
1566 1227 1738 1272 muro
1781 1211 1956 1289 cepit.
2024 1209 2109 1272 ibi
2136 1219 2305 1291 capta

388 1295 507 1356 iam
542 1294 693 1357 urbe
718 1294 791 1358 ab
830 1296 979 1357 hora
1033 1301 1237 1374 quarta
1281 1310 1467 1373 usque
1508 1292 1581 1355 ad
1623 1300 1884 1356 octavam
1928 1292 2054 1355 fere
2096 1293 2304 1355 horam

389 1378 661 1440 omnibus
689 1378 955 1460 partibus
984 1377 1150 1439 urbis
1180 1376 1279 1439 diu
1328 1376 1554 1437 incerto
1594 1384 1806 1438 eventu
1831 1384 2153 1456 pugnatum
2184 1387 2306 1447 θεῖς

339 1466 373 1522 8
390 1470 692 1541 postremo
724 1463 947 1542 potitur
988 1459 1204 1541 oppido
1232 1460 1551 1522 Romanus.
1625 1459 1972 1522 Samnitium
2003 1462 2160 1521 caesi
2191 1462 2306 1522 tria

389 1544 551 1606 milia
605 1544 870 1615 ducenti,
915 1546 1070 1624 capti
1127 1550 1404 1622 quattuor
1440 1542 1599 1605 milia
1640 1544 1996 1623 septingenti
2069 1552 2307 1624 praeter

334 1635 369 1686 4
390 1627 674 1708 praedam
730 1627 920 1690 aliam.
1006 1627 1146 1688 inde
1189 1627 1486 1689 Feritrum
1541 1625 1748 1689 ductae
1798 1627 2090 1706 legiones,
2146 1627 2306 1690 unde

390 1708 667 1791 oppidani
701 1728 836 1773 cum
865 1708 1136 1772 omnibus
1171 1710 1354 1771 rebus
1390 1712 1538 1782 suis,
1581 1728 1731 1792 quae
1774 1710 1921 1772 ferri
1961 1712 2169 1792 agique
2196 1730 2309 1792 po—

388 1800 658 1865 tuerunt,
700 1800 874 1856 nocte
912 1810 1024 1873 per
1064 1810 1330 1855 aversam
1369 1802 1600 1874 portam
1634 1792 1864 1856 silentio
1906 1804 2308 1858 excesserunt.

331 1882 367 1934 5
389 1878 569 1955 igitur
599 1875 771 1939 simul
802 1877 1036 1939 advenit
1067 1875 1300 1947 consul,
1342 1878 1537 1957 primo
1567 1880 1646 1939 ita
1677 1880 2016 1958 conpositus
2050 1880 2309 1941 instruc·

390 1968 600 2041 tusque
629 1960 939 2023 moenibus
964 1962 1270 2029 successit,
1303 1968 1599 2040 tamquam
1620 1962 1796 2032 idem,
1829 1961 1985 2042 quod
2016 1962 2089 2023 ad
2117 1962 2308 2024 Milio-

235 2119 240 2125 .
331 2049 368 2103 6
389 2045 547 2106 niam
571 2046 792 2116 fuerat,
830 2046 1168 2107 certaminis
1189 2044 1374 2113 foret:
1406 2043 1646 2115 deinde,
1670 2052 1738 2106 ut
1758 2046 2054 2107 silentium
2077 2052 2308 2110 vastum

389 2128 450 2189 in
488 2128 635 2191 urbe
658 2148 769 2192 nec
800 2147 964 2191 arma
993 2146 1105 2190 nec
1126 2128 1282 2189 viros
1309 2129 1372 2188 in
1404 2126 1664 2189 turribus
1694 2146 1763 2189 ac
1793 2130 1978 2190 muris
2005 2129 2163 2201 vidit,
2187 2132 2309 2192 avi·

391 2210 530 2274 dum
558 2213 873 2276 invadendi
901 2213 1133 2275 deserta
1160 2212 1395 2273 moenia
1422 2210 1668 2272 militem
1709 2211 1965 2282 detinet,
2017 2230 2094 2273 ne
2128 2233 2306 2293 quam

332 2302 366 2352 7
388 2295 678 2359 occultam
714 2298 777 2358 in
799 2296 1067 2359 fraudem
1096 2298 1365 2356 incautus
1406 2300 1640 2364 rueret;
1684 2294 1828 2357 duas
1856 2303 2080 2357 turmas
2115 2298 2306 2359 socio-

388 2396 521 2442 rum
559 2381 751 2441 Latini
790 2380 1044 2442 nominis
1086 2379 1574 2459 circumequitare
1614 2380 1846 2441 moenia
1887 2387 2062 2459 atque
2105 2380 2306 2460 explo-

388 2478 525 2524 rare
552 2466 747 2524 omnia
768 2463 951 2525 iubet.
1013 2463 1237 2542 equites
1256 2470 1488 2541 portam
1512 2479 1691 2523 unam
1715 2461 2076 2543 alteramque
2100 2463 2304 2527 eadem

390 2546 634 2623 regione
664 2548 728 2606 in
769 2547 1101 2626 propinquo
1143 2552 1410 2625 patentes
1463 2547 1833 2625 conspiciunt
1879 2546 2306 2628 itineribusque

329 2630 367 2682 8
383 2625 451 2687 iis
489 2629 733 2705 vestigia
771 2635 1097 2688 nocturnae
1136 2626 1392 2689 hostium
1432 2629 1624 2708 fugae.
1710 2629 2049 2711 adequitant
2092 2629 2308 2693 deinde

389 2711 605 2771 sensim
637 2712 825 2789 portis
854 2709 1181 2790 urbemque
1213 2729 1284 2771 ex
1321 2718 1446 2772 tuto
1474 2713 1654 2773 rectis
1698 2713 2010 2775 itineribus
2042 2716 2303 2796 perviam

390 2794 789 2873 conspiciunt,
823 2802 882 2855 et
908 2793 1133 2855 consuli
1156 2795 1426 2856 referunt
1453 2813 1757 2858 excessum
1781 2796 1960 2867 urbe;
1993 2798 2302 2861 solitudine

390 2877 549 2941 haud
600 2876 776 2939 dubia
826 2877 887 2939 id
941 2880 1319 2959 perspicuum
1376 2897 1506 2941 esse
1546 2887 1605 2940 et
1656 2880 1992 2944 recentibus
2050 2883 2307 2961 vestigiis

390 2962 564 3043 fugae
584 2981 652 3024 ac
682 2969 877 3042 strage
907 2980 1109 3024 rerum
1137 2964 1199 3023 in
1232 2962 1619 3043 trepidatione
1649 2972 1939 3028 nocturna
1965 2966 2305 3027 relictarum

336 3055 364 3099 ¹]
392 3051 626 3127 [sessim.
696 3047 789 3108 his
834 3046 1043 3109 auditis
1084 3045 1289 3106 consul
1337 3045 1410 3107 ad
1451 3064 1580 3108 eam
1612 3054 1845 3128 partem
1886 3049 2079 3120 urbiS,
2128 3065 2301 3128 quam

396 3131 660 3191 sdic-rant
700 3132 951 3210 equiteS,
1002 3129 1390 3191 circumducit
1444 3147 1673 3208 agmen.
1768 3133 2098 3193 constitutis
2148 3129 2304 3192 haud

395 3213 598 3291 presul
624 3220 797 3293 porta
827 3214 1007 3294 signis
1031 3214 1288 3293 quinque
1317 3214 1543 3293 equites
1564 3214 1728 3276 iubet
1749 3216 1975 3277 intrare
2003 3214 2214 3277 urbem
2246 3222 2307 3275 et

396 3299 686 3359 modicum
719 3298 970 3378 spatium
1002 3314 1350 3377 progressos
1389 3298 1497 3359 tris
1540 3315 1782 3361 manere
1810 3297 2021 3361 eodem
2048 3298 2206 3369 loco,
2255 3298 2306 3358 si

320 3387 376 3435 ιι]
400 3391 516 3439 tuis
560 3379 894 3450 videantur,
953 3381 1098 3443 duos
1145 3380 1447 3463 explorata
1488 3382 1561 3444 ad
1615 3401 1679 3443 se
1720 3381 1967 3445 referre.
2054 3384 2155 3463 qui
2202 3380 2308 3442 ubi

400 3463 701 3522 redierunt
727 3463 1200 3539 rettuleruntque
1232 3486 1305 3527 eo
1327 3484 1390 3527 se
1412 3483 1786 3544 progressoS,
1819 3464 1977 3528 unde
2006 3467 2068 3527 in
2100 3482 2310 3526 omnes
