2575 4067
274 275 335 337 354
435 285 528 328 crocu
542 286 632 328 xxrn.
652 286 721 328 car.
736 273 779 332 33.
794 273 837 326 34.
855 262 896 346 [a.
913 287 942 327 n.
963 288 989 327 c.
1006 261 1079 356 ⁵391,

271 433 409 495 traiceret
424 441 454 494 et
467 442 596 496 vastaret
615 434 792 495 maritimam
809 450 906 502 oram,
930 430 1038 492 beMum
1060 450 1116 510 pro
1142 443 1228 512 parta

231 524 260 577 tl
272 534 324 578 sua
345 527 425 579 terna
446 519 579 597 marique
601 525 734 595 gereret3
763 515 815 578 ubi
834 513 1012 576 debellatum
1031 523 1123 587 esset,
1144 516 1231 579 ltalia

271 602 443 662 omuiscum
455 602 519 681 ipsa
531 599 607 662 mbo
617 601 710 662 Roma
720 600 1007 678 Carthaginiensium
1018 607 1105 678 atque
1113 600 1228 662 Hanni·

232 691 261 742 12
271 682 345 746 bolis
359 693 450 756 esset,
471 684 639 765 praedaque
657 685 752 746 omnis
773 681 930 745 Hannibali
955 682 1086 753 cederet:
1117 685 1231 763 perdo·

270 768 341 830 mita
360 768 441 830 ltalia
462 770 634 848 navigarent
656 769 688 828 in
702 768 855 830 Graeclam
869 765 1054 846 bellumque,
1077 784 1147 828 curn
1162 771 1231 848 qui·
1273 771 1274 786 ¹

270 851 327 913 bus
348 853 414 932 regi
442 851 589 931 placeret,
617 853 772 930 gererent3
799 868 875 930 quae
896 851 1026 911 civitates
1047 852 1230 914 continentis

270 953 404 1016 quaeque
418 935 532 998 insulae
547 936 584 997 ad
598 934 799 996 Macedoniam
814 942 955 1012 vergunt,
971 951 1023 994 eae
1033 933 1164 1014 Philippi
1178 954 1229 996 re·

272 1022 381 1099 quique
396 1021 458 1081 eius
474 1027 582 1080 essent.

242 1108 255 1159 t
331 1101 461 1165 XXXIV.
492 1103 526 1164 ln
546 1103 599 1164 bas
614 1102 708 1164 ferme
722 1101 802 1180 leges
816 1102 895 1162 inter
910 1101 1043 1162 Poenum
1060 1101 1168 1164 ducem
1183 1102 1227 1165 le·

240 1194 409 1266 tqatosque
423 1186 615 1248 Macedonum
641 1188 731 1246 ictum
755 1184 873 1254 ioedus;
899 1186 1040 1265 missique
1053 1203 1121 1246 cum
1135 1186 1175 1246 iis
1190 1187 1228 1247 ad

268 1272 348 1349 regis
368 1270 460 1350 ipsius
479 1269 655 1332 firmandam
676 1268 764 1330 iidem
787 1268 891 1347 legati,
914 1269 1003 1347 Gisgo
1025 1277 1055 1328 et
1072 1268 1181 1330 bostar
1197 1282 1228 1333 et

268 1351 372 1432 Mago,
397 1353 501 1416 eodem
522 1354 558 1414 ad
575 1353 696 1414 lunonis
712 1352 864 1424 Laciniae,
886 1350 937 1413 ubi
957 1353 1039 1414 navis
1062 1350 1180 1414 occulta
1194 1358 1226 1413 in
1265 1411 1268 1418 .

239 1438 395 1499 tstatione
408 1445 484 1508 erat,
511 1438 695 1517 perveniunt.
724 1435 795 1497 inde
809 1435 934 1515 proiecti
949 1454 1016 1498 cum
1034 1435 1126 1498 altum
1139 1443 1223 1497 tene-

268 1528 349 1593 rent,
367 1522 547 1600 conspectie
564 1520 657 1583 classe
669 1521 800 1583 Romana
814 1526 896 1590 sunt,
908 1538 983 1599 quae
997 1519 1143 1600 praesidio
1160 1531 1227 1581 erat

240 1603 421 1666 tGalabriae
438 1603 583 1665 litoribus.
615 1603 747 1666 Valerius
761 1602 883 1665 Flaccus
903 1620 1039 1682 cercuros
1061 1602 1097 1664 ad
1119 1622 1226 1683 perse·

267 1687 415 1766 quendam
440 1687 579 1748 retraben
601 1706 707 1766 amque
732 1704 834 1748 navem
856 1704 923 1748 cum
954 1688 1095 1757 misisset,
1122 1688 1223 1767 primo

267 1769 370 1848 lugere
384 1771 460 1848 regii
475 1771 586 1840 conati;
602 1770 725 1841 deinde,
741 1770 793 1833 ubl
808 1769 957 1833 celeritate
968 1772 1044 1833 vinci
1055 1782 1224 1842 senserunt,

241 1853 389 1914 otradunt
399 1871 431 1914 se
441 1852 593 1925 Romanis,
608 1862 637 1915 et
649 1855 685 1915 ad
696 1855 878 1933 praelectum
891 1853 991 1915 classis
1002 1853 1134 1923 adducti,
1154 1874 1224 1917 cum

268 1945 438 2016 quaereret,
460 1938 559 2018 quiet
577 1938 656 2000 unde
671 1946 701 1998 et
716 1956 773 2018 quo
791 1938 947 2000 tenderent
963 1956 1099 2008 cursum,
1122 1938 1222 2001 Xeno-

267 2020 379 2098 phanes
394 2022 490 2101 prlmo
504 2024 574 2083 satis
588 2024 647 2082 iam
660 2020 752 2082 semel
766 2021 836 2083 lelir
850 2022 1034 2084 mendacium
1049 2029 1182 2094 struere,
1207 2042 1223 2084 a

266 2104 402 2185 Philippo
414 2123 446 2166 se
457 2105 493 2166 ad
506 2105 654 2166 Romanos
668 2105 790 2166 missum
801 2105 838 2166 ad
851 2105 890 2167 M.
902 2104 1064 2175 Valerium,
1080 2105 1118 2166 ad
1131 2125 1223 2186 quem
1273 2151 1274 2160 ,

269 2207 360 2251 unum
376 2190 433 2249 iter
448 2196 542 2251 tutum
561 2188 663 2256 luerit,
679 2189 863 2268 pervenisse,
879 2188 1068 2268 Campaniam
1077 2206 1223 2268 superare

238 2274 405 2353 cnequisse
427 2280 558 2352 saeptam
572 2271 701 2333 bostium
722 2272 885 2350 praesidiis.
914 2272 1020 2333 deinde
1040 2281 1073 2333 ut
1090 2272 1225 2336 Punicus
1273 2329 1274 2340 ,

172 2418 177 2428 ,
266 2355 361 2417 cultus
372 2354 547 2435 habitusque
560 2362 711 2435 suspectos
726 2353 838 2434 legatos
850 2356 918 2416 iecit
930 2355 1108 2429 Hannibalis,
1126 2358 1223 2419 inter-
1273 2349 1275 2374 *

237 2446 442 2519 trogatosque
459 2457 557 2501 sermo
573 2439 716 2518 prodidit,
734 2446 796 2500 tum
808 2438 963 2501 comitibus
975 2458 1077 2502 eorum
1089 2440 1223 2503 seductis
1273 2447 1274 2502 i

266 2540 300 2583 ac
311 2530 392 2583 metu
404 2525 513 2584 territis
524 2522 641 2584 litterae
653 2521 991 2603 quoqueabllannibale
1003 2523 1040 2584 ad
1050 2522 1223 2605 Pblllppum
1273 2525 1274 2574 l

266 2607 402 2666 inventae
427 2614 457 2666 et
481 2614 566 2685 pacta
586 2608 665 2667 inter
685 2625 785 2685 regem
810 2606 1004 2668 Macedonum
1028 2607 1224 2688 Poenumque

238 2686 382 2747 odonem.
412 2687 519 2767 quibus
532 2691 603 2749 satis
618 2691 743 2766 cognitis
759 2692 902 2770 optimum
919 2692 1012 2753 visum
1030 2699 1074 2753 est
1088 2693 1224 2771 captivos

268 2770 447 2850 comitesque
469 2787 571 2831 eorum
592 2771 716 2832 Romam
737 2773 774 2833 ad
795 2780 929 2836 senatum
943 2783 993 2836 aut
1010 2776 1053 2836 ad
1072 2773 1221 2847 consules,

237 2860 255 2914 9
267 2851 444 2936 ubicumque
458 2863 572 2928 essent,
586 2873 674 2937 quarn
689 2857 816 2936 primum
831 2858 996 2938 deportare.
1031 2859 1067 2920 ad
1081 2858 1111 2920 ld
1123 2856 1223 2921 celer·

266 2939 359 3001 rimae
373 2941 501 3021 quinque
516 2959 603 3003 naves
619 2937 767 3012 delectae,
786 2959 819 3002 ac
834 2942 869 3005 L.
884 2940 1015 3004 Valerius
1028 2944 1143 3013 Antias,
1169 2945 1223 3024 qui

264 3030 430 3103 praeesset,
445 3024 566 3095 missus,
582 3027 668 3105 eique
682 3025 868 3096 mandatum,
883 3034 916 3087 ut
932 3028 962 3087 in
972 3027 1068 3087 omnis
1079 3026 1163 3087 naris
1178 3026 1223 3089 le·

267 3113 350 3186 gatos
370 3108 528 3189 separatim
543 3108 751 3170 custodiendos
773 3108 914 3171 divideret
928 3110 1068 3190 daretque
1083 3127 1222 3189 operam,

266 3208 304 3251 ne
320 3191 398 3335 qqu
414 3193 450 3252 iis
464 3192 651 3272 conloquium
671 3194 749 3253 inter
763 3211 796 3254 se
810 3212 883 3255 nere
898 3212 973 3274 quae
988 3194 1224 3258 communicatio

266 3276 367 3334 consi·
396 3283 481 3336 esset.

227 3362 259 3415 to
329 3359 386 3419 Per
401 3359 479 3419 idern
499 3367 614 3440 tempus
627 3359 739 3421 Romae
753 3379 821 3422 cum
841 3362 875 3422 b.
893 3359 1045 3425 Cornelius
1058 3360 1224 3425 Mammula

267 3459 302 3500 ex
311 3440 444 3503 Sardinia
454 3445 605 3521 provincia
613 3442 760 3505 decedens
770 3443 937 3517 rettulisset,
950 3446 1000 3525 qul
1012 3451 1105 3506 status
1115 3461 1224 3508 rerum

226 3522 299 3581 ltin
322 3523 417 3584 insula
438 3533 528 3588 esset:
552 3525 663 3589 bellum
685 3545 720 3588 ac
740 3528 935 3591 deiectionem
953 3530 1049 3590 omnis
1072 3537 1222 3609 spectare
