2575 4067
293 188 386 229 nnnm
400 189 477 230 1111.
490 189 558 230 oar.
573 178 617 231 33.
635 180 677 231 34.
692 170 731 248 [a.
750 175 784 234 0.
800 171 861 254 att]
996 179 1057 243 291

164 333 290 394 xxxin.
325 332 383 393 Per
410 334 529 394 eosdem
556 335 618 396 dies
643 336 810 413 speculator
836 338 1084 418 Carthaginien-1

102 420 157 487 sis,
173 418 223 496 qui
239 434 294 495 per
309 415 460 476 biennium
481 415 639 488 fefellerat,
662 419 772 480 Romae
793 419 955 500 deprensus
969 432 1085 502 prae-2

103 502 228 579 clsisque
243 498 379 560 manibus
394 500 543 570 dimissus,
568 508 596 561 et
617 502 695 561 servi
716 503 845 581 quinque
860 514 889 563 et
909 505 1011 583 uiginti
1024 507 1057 567 in

102 601 221 644 crucem
236 585 308 652 acti,
330 582 407 661 quod
431 585 463 642 iu
484 601 588 662 campo
602 585 706 645 Martio
722 587 941 654 coniurassentz
966 588 1056 649 indici

101 668 168 727 data
188 665 308 727 libertas
330 675 360 726 et
385 668 462 726 aeris
482 669 579 744 gravis
600 669 703 746 viginti
729 668 818 730 milia.
857 668 946 748 legati
965 679 994 730 et
1021 670 1085 732 adt

99 749 267 829 Philippum
281 749 473 811 Macedonum
489 766 590 828 regem
606 753 689 813 missi
710 750 747 812 ad
765 751 984 831 deposcendum
1000 754 1056 814 lle·

101 835 238 898 menium
259 831 413 906 Pharium,
437 833 487 912 qui
506 833 583 893 bello
604 836 696 895 victus
717 834 840 896 adeum
861 835 999 913 fugisset,
1025 844 1084 897 ete

99 916 149 978 ulii
164 918 194 977 in
215 916 338 995 Ligures
359 916 394 976 ad
416 915 677 996 expostulandum,
700 918 778 998 quod
797 919 930 980 Poenum
952 919 1057 998 opibus

99 998 273 1080 auxiliisque
291 1002 352 1059 suis
375 1001 529 1070 iuvissent,
549 1000 636 1061 dmul
658 1000 695 1062 ad
714 1000 866 1063 visendum
887 1021 922 1063 ex
937 1004 1057 1082 propin·

99 1103 172 1164 quo,
193 1101 270 1163 quae
289 1084 320 1143 in
335 1082 405 1143 Rois
426 1091 513 1163 atque
535 1082 708 1146 Insubribus
732 1092 916 1162 gererentur.
955 1085 990 1147 ad
1010 1085 1086 1145 Pes

98 1185 188 1227 neum
208 1184 324 1246 quoque
351 1183 452 1245 regem
479 1167 511 1227 in
536 1166 651 1246 illyrios
671 1167 760 1246 legati
782 1169 865 1231 mlssi
886 1167 924 1228 ad
947 1170 1057 1248 stipen-

98 1251 194 1320 dium,
212 1250 293 1311 cuius
309 1249 371 1310 dies
388 1251 511 1320 exierat,
526 1249 707 1329 poscendum
718 1259 782 1320 aut,
797 1253 822 1310 si
833 1250 910 1312 diem
922 1251 1058 1331 prolerre

99 1333 200 1404 vellet,
228 1332 345 1394 obsides
369 1332 564 1412 accipiendos.
610 1333 698 1403 adeo,
731 1334 785 1394 etsi
815 1331 925 1396 bellum
954 1337 1087 1412 ingenso

97 1420 129 1478 in
144 1416 306 1478 cervicibus
328 1425 405 1487 erat,
423 1415 530 1479 nullius
545 1435 669 1496 usquam
684 1425 832 1478 terrarum
853 1418 898 1478 rei
912 1436 983 1478 cura
999 1417 1058 1478 llo·

98 1518 215 1572 manos,
237 1518 275 1560 ne
295 1498 455 1579 longinqua
475 1499 606 1579 quidem,
631 1498 797 1578 effugiebat.
839 1503 870 1561 iu
885 1499 1085 1579 religionem

97 1586 185 1645 etiam
202 1585 281 1644 venit
295 1584 398 1644 aedem
411 1583 607 1653 Concordiae,
624 1602 713 1663 quam
726 1601 781 1663 per
792 1583 967 1645 seditionem
979 1582 1058 1644 mili·

97 1678 191 1728 tarem
209 1666 330 1729 biennio
353 1675 421 1728 aute
438 1667 470 1729 L.
486 1666 610 1729 Manlius
631 1675 752 1746 praetor
771 1667 802 1726 iu
817 1666 908 1728 Gallia
924 1667 1055 1737 vovisset,

97 1752 222 1812 locatam
252 1750 287 1811 ad
319 1749 349 1809 id
378 1758 493 1829 tempus
520 1768 581 1811 noo
613 1768 692 1812 esse:
724 1752 823 1829 itaquo
851 1750 996 1811 duumviri
1022 1750 1085 1810 adt

98 1853 164 1895 eam
188 1852 252 1894 rem
276 1835 367 1893 creati
389 1851 406 1893 a
431 1833 468 1893 M.
490 1832 613 1893 Aemilio
640 1841 777 1912 praetore
802 1832 869 1894 urb.
891 1833 922 1894 G.
948 1833 1057 1912 Pupius

98 1926 128 1979 et
149 1918 240 1979 Caeso
262 1916 414 1987 Quinctius
436 1915 618 1975 Flamininus
644 1915 747 1975 aedem
765 1918 796 1973 in
810 1933 878 1975 arce
893 1915 1056 1976 faciendam

99 2001 278 2062 locaverunt.

161 2083 206 2146 ab
226 2082 331 2144 eodem
357 2089 495 2162 praetore
519 2099 556 2141 ex
579 2077 852 2142 senatusconsulto
879 2077 994 2140 litterae
1020 2081 1086 2140 adt

99 2165 236 2228 consules
249 2167 371 2235 mlssae,
389 2172 437 2235 ut,
453 2166 478 2224 si
493 2165 529 2224 iis
543 2162 709 2233 rideretur,
725 2162 799 2223 alter
816 2178 919 2221 eorum
935 2161 971 2222 ad
987 2179 1057 2223 cou-

99 2249 177 2310 suies
196 2247 340 2309 creandos
361 2248 485 2309 Romam
504 2248 633 2307 reniret:
660 2264 692 2307 se
714 2247 746 2306 in
766 2262 831 2305 eam
852 2243 946 2314 dem,
970 2262 1058 2324 quam

98 2333 265 2400 iussissent,
289 2333 407 2391 comitia
424 2329 599 2391 edicturum.
633 2328 761 2390 adhaec
780 2344 801 2388 o
821 2324 1100 2388 consulibusre·1o

100 2416 257 2493 scriptum,
273 2416 337 2475 sine
354 2413 530 2474 detrimento
545 2414 590 2472 rei
609 2411 744 2491 publicae
760 2410 880 2472 abscedi
894 2427 955 2470 uon
970 2428 1057 2489 posse

100 2499 137 2560 ab
160 2499 260 2569 bostc;
292 2498 390 2578 itaque
412 2515 467 2576 per
486 2499 668 2575 interregem
694 2495 811 2555 comitia
833 2493 968 2555 habenda
992 2510 1057 2554 esso

99 2584 213 2663 potius,
235 2600 322 2662 quam
342 2580 445 2643 consul
465 2581 539 2642 alter
559 2600 576 2642 a
599 2578 678 2640 bello
699 2586 879 2641 avocaretur.
919 2575 1055 2656 patribus
1068 2583 1096 2634 11

99 2668 210 2729 rectius
230 2669 324 2731 visum
345 2673 390 2729 est
410 2664 583 2727 dictatorern
608 2682 625 2723 a
649 2660 770 2724 consule
792 2660 850 2722 dici
870 2662 1056 2722 comitiorum

100 2749 304 2811 habendorum
319 2768 416 2810 causa.
445 2749 540 2810 dictus
555 2749 588 2809 L.
603 2747 740 2808 Veturius
755 2744 848 2806 Philo.
879 2746 917 2804 M.
930 2744 1056 2825 Pompo·

100 2838 184 2892 nium
198 2830 365 2893 Mathonem
377 2833 549 2911 magistrum
560 2832 691 2908 equitum
706 2830 787 2889 dixit.
815 2829 851 2886 iis
864 2829 934 2887 vitio
948 2828 1055 2886 creatis
1068 2833 1099 2881 12

100 2916 245 2992 iussisque
264 2913 312 2974 die
333 2922 437 2993 quarto
460 2914 574 2979 decimo
594 2931 626 2971 se
647 2912 819 2988 magistratu
834 2909 986 2977 abdicare,
1008 2925 1058 2968 res

102 2996 139 3058 ad
155 2998 357 3074 interregnum
372 2996 468 3057 rediit.
485 2991 615 3056 XXXIV.
634 2990 808 3052 Consulibus
820 2998 1013 3087 prorogatum
1027 2992 1083 3050 lul

101 3072 1003 3242 aidalleidaltiitittiilltlibtl’ill
1024 3073 1057 3215 ἃ

102 3250 164 3308 eius
184 3247 356 3324 interregno
379 3246 497 3305 comitia
518 3243 618 3303 habita
638 3238 746 3320 magno
763 3241 923 3301 certamine
939 3248 1056 3316 patrum

101 3348 135 3390 ao
143 3329 247 3410 plebis.
275 3329 306 3390 C.
313 3329 453 3390 Terentio
465 3328 599 3396 Varroni,
609 3342 698 3405 quern
710 3325 755 3385 sul
766 3326 883 3400 generis
895 3323 1054 3393 bominem,
1069 3331 1086 3380 2

102 3411 182 3489 plebi
195 3414 388 3474 insectatione
405 3412 573 3492 principum
593 3407 844 3558 popularibusqtlrg
852 3405 972 3528 partibus
987 3424 1056 3467 cou-
