2575 4067
271 258 363 300 crana
378 258 467 300 nnn
486 257 555 300 ear.
570 246 613 297 no.
629 248 672 299 aa.
692 236 731 318 [a.
751 239 785 302 0.
801 238 863 320 ais]
990 242 1052 305 367

94 406 251 486 Campani,
267 404 341 465 nihil
354 404 513 467 admodum
524 404 635 466 viribus
647 406 707 466 suis
717 405 855 475 fidentes,
866 404 969 483 egredi
982 424 1051 487 por·

94 493 133 551 tis
149 498 178 551 et
195 497 289 552 castra
304 498 372 550 ante
386 488 491 550 urbem
507 490 539 549 in
560 496 662 568 aperto
678 488 870 549 communire.
899 506 953 550 sex
972 487 1051 550 milia
1064 495 1092 547 11

95 582 276 636 armatorum
287 571 448 643 habebant,
462 572 591 652 peditem
599 571 754 642 inbellem,
770 572 899 651 equitatu
909 571 975 652 plus
985 582 1051 652 pot·

95 665 197 726 erant;
213 658 312 736 itaque
323 656 508 734 equestribus
522 655 642 736 proeliis
656 654 839 718 lacessebant
848 655 973 717 bostem.
1004 656 1048 715 in-
1063 661 1093 712 la

95 750 141 804 ter
162 740 270 801 multos
291 738 405 800 nobiles
426 740 539 820 equites
561 740 726 818 Campanos
750 739 891 802 Cerrinus
911 737 1054 801 Vibellius

95 833 173 907 erat,
197 824 373 901 cognomine
389 824 513 884 Taurea.
543 825 613 885 civis
632 822 763 888 indidem
780 831 858 892 erat,
879 822 968 902 louge
988 841 1050 883 om-

95 909 179 970 nium
195 906 411 987 Campanorum
424 907 601 972 fortissimus
616 925 721 986 eques,
737 907 810 968 adeo
826 915 873 977 ut,
891 925 959 969 cum
975 905 1052 985 apud

95 992 244 1053 Romanos
264 989 417 1061 militaret,
442 1008 519 1051 unus
539 1009 606 1052 eum
622 990 773 1052 Romanus
788 990 924 1052 Claudius
938 990 1051 1051 Asellus

96 1075 191 1154 gloria
210 1075 338 1152 equestri
357 1082 506 1153 aequaret.
544 1076 623 1135 huuc
642 1075 771 1145 Taurea,
794 1093 862 1136 cum
882 1073 932 1135 diu
952 1072 1095 1153 perluit

95 1167 193 1219 straus
210 1156 302 1218 oculis
318 1155 515 1237 obequitasset
527 1159 656 1220 bostium
668 1159 791 1239 turmis,
806 1158 924 1218 tandem
935 1156 1051 1218 silentio

96 1243 188 1311 lacto,
210 1239 262 1301 ubi
282 1246 358 1301 esset
379 1239 516 1303 Claudius
534 1242 647 1304 Asellus
665 1242 818 1320 quaesivit,
843 1252 887 1310 et,
913 1241 1049 1320 quoniam
1064 1244 1094 1296 lt

97 1323 195 1386 verbis
204 1341 304 1384 secum
311 1323 348 1384 de
357 1326 463 1386 virtute
470 1324 620 1404 ambigere
632 1324 734 1387 solitus
742 1333 827 1394 esset,
840 1342 960 1386 curnon
971 1324 1051 1385 ierro

98 1409 272 1469 decerneret
283 1406 423 1487 daretque
441 1411 539 1488 opima
563 1409 656 1490 spolia
674 1411 767 1471 vietus
785 1417 836 1471 aut
852 1410 945 1470 victor
965 1426 1051 1488 capsa

97 1501 152 1552 ret.
196 1490 304 1552 XLVII.
335 1491 414 1552 llaec
434 1493 486 1554 ubi
501 1493 598 1555 Asello
618 1501 687 1554 sunt
707 1494 837 1555 nuntiata
849 1494 879 1553 in
895 1500 1004 1562 castra,
1021 1492 1049 1551 id
1064 1496 1078 1547 1

97 1574 185 1636 modo
196 1581 335 1644 moratus,
348 1583 380 1637 ut
391 1577 541 1638 consulem
553 1583 806 1657 percunctaretur,
817 1576 958 1638 liceretne
970 1582 1051 1637 extra

97 1658 232 1719 ordinem
251 1659 283 1718 iu
296 1669 503 1736 provocantem
520 1662 635 1723 bostem
656 1678 804 1741 pugnare,
825 1663 972 1741 permissu
990 1659 1052 1719 eius

96 1759 178 1803 arma
199 1740 347 1820 extemplo
368 1745 458 1822 cepit,
486 1755 699 1826 provectusque
719 1752 787 1806 ante
814 1746 954 1806 stationes
974 1750 1078 1823 equ02

96 1825 242 1886 Tauream
254 1825 771 1908 nomineconpellaviteongrediqua,
784 1828 835 1889 ubi
842 1826 943 1898 vellet,
958 1827 1051 1887 iussit.

96 1910 154 1968 iam
170 1908 295 1968 Romani
309 1906 346 1967 ad
361 1907 560 1985 spectaculum
581 1928 697 1988 pugnae
718 1911 781 1971 eius
802 1911 972 1989 frequentes
993 1911 1080 1970 exit

97 2000 194 2061 erant,
211 1998 240 2051 et
257 1990 397 2069 Campani
411 2009 471 2054 nou
483 1991 589 2053 vallum
604 1992 692 2052 modo
708 1999 886 2064 castrorum,
904 1992 956 2053 sed
971 2011 1051 2052 moe·

97 2076 145 2138 nia
161 2076 248 2135 etlam
266 2073 349 2135 urbis
362 2082 584 2154 prospectantes
598 2074 793 2156 repleverant.
822 2093 890 2137 cum
909 2075 967 2135 iam
985 2082 1080 2135 antea

97 2156 246 2219 ierocibus
262 2156 347 2218 dictis
362 2176 426 2220 rem
445 2157 663 2229 nobilitassent,
686 2159 800 2220 infestis
819 2158 909 2220 hastis
923 2159 1052 2219 concita·

98 2249 168 2303 runt
182 2259 286 2321 equos;
303 2241 372 2302 dein
382 2242 477 2304 libero
488 2243 581 2322 spatio
592 2245 671 2303 inter
681 2260 713 2304 se
724 2241 979 2304 ludificantessine
990 2238 1051 2300 vul-
1095 2311 1102 2323 ,

97 2343 169 2386 nere
180 2341 309 2404 pugnam
321 2325 522 2388 extrahebant,
545 2333 606 2388 tum
619 2327 783 2405 Campanus
794 2328 925 2389 Romano
940 2331 1079 2404 „equo-o

97 2416 184 2470 rum“
195 2409 291 2487 iuquit
302 2407 393 2479 „boc,
407 2427 467 2471 nou
478 2410 608 2490 equitum
619 2411 676 2471 erit
687 2416 845 2481 certamen,
857 2411 914 2470 nisi
925 2426 1052 2487 eeampo

97 2494 128 2553 in
144 2508 244 2552 cavam
264 2490 342 2551 banc
360 2493 436 2554 viam
452 2492 630 2555 demittimus
647 2511 752 2573 equos;
773 2492 816 2554 ibi
835 2492 916 2555 nullo
933 2492 970 2553 ad
986 2508 1051 2552 eva·

98 2573 226 2654 gaudum
237 2575 702 2654 spatiocomminusconserentur
714 2586 847 2640 manus.‘⁴
871 2576 1081 2656 dictopropao

98 2659 183 2719 citius
198 2676 305 2735 equum
319 2659 438 2722 inviam
452 2660 588 2724 Claudius
600 2661 721 2731 deiecit;
736 2662 851 2724 Taurea
863 2660 959 2722 verbis
974 2660 1052 2722 iero·

98 2742 160 2802 eior
175 2759 263 2820 quam
280 2759 314 2803 re
328 2744 491 2815 „miulme,
507 2747 573 2806 sis⁴‘
587 2747 696 2827 inquit,
717 2746 926 2817 „cantherium
948 2747 979 2806 in
993 2745 1052 2805 los·

98 2831 192 2886 aam.“
227 2842 302 2904 quae
317 2843 373 2887 vox
392 2829 423 2887 in
438 2830 581 2888 rusticum
600 2829 670 2889 inde
690 2830 878 2907 proverbium
899 2828 1080 2906 proditasm

99 2907 249 2978 Claudius,
275 2926 342 2970 cum
365 2926 399 2969 ea
412 2910 458 2970 via
477 2909 565 2986 longe
585 2912 812 2989 perequitasset,
836 2909 948 2992 [quia]‚
973 2908 1052 2970 nullo

98 2990 184 3052 obvio
198 2991 282 3053 hoste
297 2992 329 3052 in
343 3009 479 3072 campum
494 3009 596 3053 rursus
607 3001 724 3055 evectus
738 2995 894 3074 increpans
909 2993 1052 3072 ignaviam

98 3077 192 3138 bostis
206 3094 274 3137 cum
295 3092 402 3154 magno
419 3076 524 3154 gaudio
541 3084 571 3138 et
585 3075 780 3154 gratulatione
798 3079 889 3139 victor
909 3079 940 3137 in
957 3085 1052 3137 castra

99 3159 186 3221 redit.
212 3161 281 3221 huic
290 3177 406 3240 pugnae
419 3161 547 3240 equestri
557 3177 635 3232 rem,
648 3179 736 3241 quam
746 3180 812 3224 rera
823 3163 875 3231 sit,
889 3161 1080 3222 communies

101 3241 211 3325 [certe]
229 3244 404 3305 existimatio
422 3251 479 3314 est,
500 3243 665 3306 mirabilem
680 3254 761 3308 certe
785 3244 914 3307 adiciunt
933 3243 1051 3324 quidam

100 3326 233 3389 annales:
255 3345 322 3389 cum
344 3328 540 3407 refugientem
562 3328 599 3390 ad
620 3328 725 3392 urbem
748 3331 892 3392 Tauream
915 3326 1052 3392 Claudius

100 3420 286 3492 sequeretur,
303 3414 414 3493 patenti
430 3412 557 3475 hostium
576 3420 678 3494 portae
694 3415 841 3477 invectum
857 3431 912 3494 per
929 3413 1049 3475 alteram

105 3496 289 3577 stupentibus
305 3497 447 3560 miraculo
462 3496 594 3559 bosthus
619 3505 749 3561 utactum
765 3498 898 3559 evasisse.
