2575 4067
298 210 391 251 nmen
401 210 490 250 xxm.
508 209 576 252 uer.
591 199 617 251 t.
629 199 655 251 b.
669 190 709 270 [a.
722 192 757 253 (i.
771 191 832 273 ele]
982 195 1043 260 323

87 377 162 439 qne,
178 359 303 438 pecunia
320 364 500 418 commeatus
515 356 610 417 autin
627 356 689 416 acie
705 363 754 416 aut
770 354 847 418 binis
862 364 981 436 postero
996 358 1042 420 die

86 443 201 502 amissis
217 443 321 503 castris
335 442 499 520 periernnt
531 441 630 519 itaque
644 457 706 500 non
728 441 832 501 iuvetis
848 458 902 501 nos
915 443 947 502 ln
964 438 1069 504 bellot

85 532 211 600 oportet,
228 525 377 603 Campani,
394 523 448 584 sed
462 540 557 603 paene
571 521 683 583 bellum
697 540 753 602 pro
767 521 853 583 nobis
866 524 1040 603 suscipiatis.

85 610 183 670 veniat
196 610 226 669 in
242 616 389 677 mentem,
414 614 448 667 ut
462 606 593 686 trepidos
612 605 762 686 quondam
782 607 910 667 manres
932 614 1073 670 vostrost

83 693 161 753 iutra
175 693 292 753 moenia
308 689 466 770 conpulsos
482 708 537 751 nec
557 690 719 751 Samnitem
734 690 822 751 modo
837 688 968 760 hostem,
990 691 1042 752 sed

82 778 172 836 etiam
188 775 351 836 Sidicinum
364 774 511 852 parentis,
529 780 666 852 receptos
680 774 712 833 in
725 772 814 834 ddcrn
827 774 873 834 ad
885 772 1043 836 Saticulam

82 858 317 930 defenderimus,
339 864 534 937 coeptumque
556 863 679 937 propter
701 874 841 918 roseum
863 856 1043 919 Samnitibus

81 939 194 1001 bellum
208 959 262 1019 per
277 948 395 1002 centum
410 958 503 1020 prope
519 958 612 1003 annos
626 942 757 1001 variante
771 939 891 1002 fortuna
905 947 1042 1001 eventum

83 1023 249 1084 tulerimus.
280 1022 386 1085 adicite
400 1023 542 1094 adhaec,
566 1024 645 1104 quod
661 1023 766 1085 loedns
785 1042 909 1104 aequom
925 1022 1040 1094 deditis,
1053 1032 1070 1082 c

81 1106 162 1187 quod
176 1106 256 1185 leges
271 1114 396 1177 vestras,
414 1107 492 1186 quod
506 1107 543 1168 ad
557 1115 737 1177 extremum,
752 1108 782 1168 id
794 1108 873 1185 quod
885 1115 953 1169 ante
967 1108 1041 1171 Can·

81 1207 204 1252 nensem
225 1197 306 1252 certe
331 1189 444 1251 cladem
458 1209 627 1252 maxumum
649 1192 719 1261 brit,
743 1192 887 1253 civitatem
910 1198 1040 1272 nostram

80 1290 205 1353 magnac
219 1275 296 1353 parti
309 1282 437 1335 restrum
448 1272 583 1336 dedimus
596 1275 934 1355 communicavimusque
945 1272 1040 1337 robis·

79 1375 158 1418 cum.
190 1358 288 1437 itaque
308 1374 496 1420 communem
509 1375 561 1418 ros
576 1357 653 1419 hanc
674 1356 802 1429 cladem,
827 1375 902 1438 quae
918 1363 1083 1438 acceptato

79 1449 138 1512 est,
154 1441 293 1514 credere,
308 1440 464 1522 Campani,
479 1449 604 1521 oportet,
621 1458 808 1503 communem
819 1443 944 1521 patriam
956 1449 1039 1504 tuen·

80 1525 148 1585 dam
163 1524 300 1587 arbitrari
313 1542 387 1586 esse.
421 1542 482 1585 non
497 1542 564 1585 cum
574 1526 706 1587 Samnite
721 1531 771 1586 aut
784 1524 908 1587 Etrusco
920 1543 970 1587 res
986 1532 1037 1595 est
1050 1529 1080 1583 11

79 1614 125 1679 ut,
148 1607 262 1688 quoda
283 1608 369 1670 nobis
388 1606 518 1670 ablatum
539 1608 590 1679 sit,
611 1609 643 1670 ln
664 1607 746 1671 ltalia
762 1615 860 1670 tamen
879 1609 1038 1689 imperium

78 1699 212 1753 maneat:
232 1692 350 1753 Poenus
371 1689 478 1762 bostis,
498 1709 537 1753 ne
555 1692 672 1753 Africae
686 1692 806 1772 quidem
825 1692 985 1772 indlgena,
1000 1691 1037 1754 ab

77 1773 190 1835 ultimis
204 1782 352 1837 terrarum
366 1776 440 1845 oris,
457 1775 534 1835 freto
550 1774 662 1837 Oceani
675 1775 868 1857 Herculisque
883 1775 1035 1843 columnis,

78 1866 232 1939 expertem
247 1860 343 1919 omnis
357 1859 431 1919 iuris
447 1865 477 1919 et
498 1857 679 1920 condiclonir
695 1866 724 1920 et
743 1858 860 1938 linguae
874 1877 968 1940 prope
982 1859 1036 1921 hu-

77 1958 184 2003 manae
201 1941 325 2003 militem
339 1940 438 2002 trahit.
469 1941 549 2001 hunc
568 1948 673 2002 natura
698 1949 728 2002 et
747 1942 880 2004 moribus
903 1944 1035 2004 inmitem
1047 1947 1079 1998 la

77 2026 234 2106 ferumque
255 2027 377 2105 insuper
398 2023 457 2085 dux
478 2026 542 2104 ipse
558 2025 689 2085 efferavit
706 2024 846 2102 pontibus
861 2042 896 2085 ac
910 2024 1037 2087 molibus

77 2127 116 2171 ex
130 2109 327 2170 bumanorum
338 2126 497 2187 corporum
508 2115 589 2170 strue
600 2106 743 2168 iaciendis
758 2115 796 2178 et,
812 2107 891 2188 quod
901 2107 1036 2186 proloqui

77 2193 168 2255 etiam
183 2193 278 2272 piget,
298 2193 376 2254 vesci
397 2190 571 2273 corporibus
592 2192 729 2253 humanis
751 2190 894 2253 docendo.
928 2191 975 2251 his
989 2192 1034 2250 in·
1047 2197 1079 2250 ta

77 2276 176 2337 landis
190 2284 289 2357 pastos
310 2275 419 2356 epulis,
443 2294 517 2356 quos
532 2276 705 2354 contingere
720 2275 808 2335 etiam
823 2274 906 2336 nefas
921 2274 973 2344 sit,
994 2275 1036 2333 vi·

78 2360 151 2420 dere
165 2369 252 2440 atque
269 2358 379 2421 habere
399 2359 535 2420 dominos
555 2367 585 2420 et
605 2377 642 2420 ex
655 2358 755 2420 Africa
775 2366 804 2420 ct
826 2357 1036 2436 aCarthagine

77 2444 143 2504 iura
157 2451 260 2524 petere
277 2451 307 2504 et
321 2440 434 2504 ltaliam
448 2442 642 2504 Numidarum
657 2460 691 2503 ac
706 2442 876 2504 llaurorum
891 2441 952 2523 pati
967 2458 1036 2520 pro·

73 2528 204 2589 vinciam
220 2544 299 2599 esse,
316 2527 365 2588 cul
378 2543 453 2597 non,
470 2527 570 2605 genite
588 2525 678 2587 modo
698 2526 730 2587 in
743 2524 839 2596 Italia,
864 2522 1037 2586 detestabile

75 2610 133 2672 siti
147 2609 304 2690 pulchrum
320 2611 390 2681 erit,
406 2610 561 2691 Campani,
583 2609 755 2690 prolapsum
769 2608 852 2671 clade
868 2609 1033 2672 Romanum
1046 2615 1078 2667 lt

77 2694 235 2771 imperium
250 2702 346 2756 vestra
361 2694 433 2766 tide,
456 2695 560 2757 vestris
574 2694 684 2756 viribus
701 2701 849 2757 retentum
863 2712 897 2757 ac
912 2711 1036 2773 recupe-

79 2783 176 2836 ratum
191 2793 264 2837 esse.
294 2777 415 2855 triginta
428 2778 508 2838 milia
522 2778 669 2857 peditum,
689 2785 827 2857 quattuor
842 2780 1076 2857 equitumar·1b

78 2856 174 2917 bitror
194 2875 231 2917 ex
249 2858 406 2938 Campania
427 2859 517 2921 scribi
539 2877 641 2939 posse;
669 2859 729 2920 lam
749 2861 892 2939 pecuniae
915 2859 1034 2921 adfatim

79 2947 123 3001 est
135 2939 345 3020 frumentique.
375 2944 400 3002 si
415 2960 518 3022 parem
530 2943 666 3004 fortunae
680 2948 795 3002 restrae
808 2941 897 3001 iidem
911 2941 1033 3011 habetis,

79 3041 134 3086 uec
147 3022 294 3086 Hannibal
315 3041 347 3084 se
366 3025 469 3086 vicisse
483 3026 591 3087 sentiet
612 3042 668 3086 nec
682 3023 808 3086 Romani
830 3025 922 3085 victos
939 3032 1036 3086 asse.“

139 3109 185 3170 Vl.
213 3107 275 3169 Hac
287 3109 420 3170 oratione
441 3108 569 3170 consulis
581 3107 707 3169 dimissis
721 3106 972 3187 redeuntibusque
984 3107 1062 3169 do·t

78 3211 159 3254 mum
170 3191 275 3271 legatis
290 3209 365 3253 unus
380 3208 416 3252 ex
426 3191 473 3252 his
488 3191 588 3253 Vibius
598 3191 711 3253 Virrius
725 3198 842 3271 tempus
855 3192 970 3254 venisse
985 3192 1033 3261 alt,

79 3295 135 3356 quc
148 3276 289 3356 Campani
303 3294 363 3338 non
376 3293 480 3355 agrum
495 3274 591 3337 solum
605 3273 641 3335 nb
657 3274 797 3336 Romanis
812 3275 960 3355 quondam
979 3293 1034 3355 per

78 3360 213 3422 iniuriam
229 3360 399 3441 ademptum
412 3377 605 3440 recuperare,
625 3358 678 3420 sed
697 3359 822 3438 imperio
834 3360 921 3419 etiarn
934 3357 1034 3421 ltaliae

79 3445 166 3524 potiri
182 3446 304 3526 possint.
342 3444 447 3507 ioedus
463 3446 541 3506 enim
565 3462 633 3506 cum
647 3441 932 3561 Hannibale‘quibus
945 3442 1062 3504 velintt
