2575 4067
236 146 299 259 ild
410 209 505 251 nrnnn
517 209 583 251 m.
599 208 669 252 oar.
686 196 714 252 d.
728 199 755 251 t.
770 197 795 249 8.
812 188 853 271 [a.
867 213 899 253 n.
918 213 944 252 c.
957 189 1020 272 536]

207 354 809 503 ⁸ttttltt¹ilt⁸tttttt
823 356 1210 503 ,hioemiiidfiisi'i

236 522 366 586 Valerius
383 521 506 586 Flaccru
526 485 563 587 ot,
578 521 612 593 Q.
633 458 761 586 Bdebiffrs
782 460 955 603 pumpfflus
975 524 1137 602 Saguntum
1162 525 1204 586 ad

234 606 429 671 Hannibalem
448 614 536 687 atque
555 605 625 671 inda
639 606 862 686 Carthaginem,
880 608 907 667 si
925 625 986 668 non
1004 606 1204 671 absisteretur

234 689 327 835 bellod,
348 689 505 753 addacem
528 690 625 769 ipsum
647 691 679 753 in
701 708 828 770 poenam
851 689 981 753 ioederis
1002 691 1084 770 rupti
1103 690 1202 770 depo·

234 790 305 836 scon
325 792 386 837 um.

209 866 223 918 1
296 857 355 919 Vll.
381 857 457 919 lium
479 873 513 917 ea
533 855 659 919 Romani
674 864 781 935 parant
801 854 1039 936 mmumnune,
1060 859 1120 919 iam
1141 858 1199 919 Sa·

208 948 493 1087 sitinii:
506 940 821 1085 inilliffldimlt
836 941 943 1102 tir.
959 938 1199 1087 titini?

235 1109 319 1170 mari.
350 1107 467 1169 oriundi
481 1125 498 1167 a
514 1106 767 1185 Zacynthoinsula
783 1106 935 1177 dicuntum,
950 1107 1092 1187 mixtique
1105 1108 1198 1169 etiam

205 1190 273 1252 aab
288 1191 385 1252 Ardea
399 1189 575 1253 Rutulorum
595 1189 713 1270 quidam
734 1192 866 1269 generis:
895 1197 1026 1251 ceterum
1046 1191 1078 1251 in
1097 1197 1198 1253 tantu

233 1273 317 1335 brevi
334 1281 489 1336 creverant
503 1291 575 1353 opes
589 1291 642 1335 seu
656 1275 811 1335 matutimis
822 1291 876 1335 seu
887 1272 1078 1335 terrestribus
1090 1273 1197 1337 booti-

234 1355 290 1418 bus
304 1374 357 1418 seu
369 1356 564 1421 multitudinis
578 1358 762 1419 incremento
779 1375 833 1418 seu
843 1355 1015 1437 dinclplinac
1029 1358 1196 1429 sanctitate.

235 1457 292 1520 qua
307 1440 396 1501 iidem
409 1438 548 1501 socialem
564 1457 658 1519 usque
679 1440 716 1501 ad
736 1441 899 1520 perniciem
922 1457 1005 1501 suam
1027 1438 1193 1505 coluerunt

209 1521 384 1585 ellannibai
398 1523 505 1584 infesto
523 1525 655 1584 exercitu
676 1525 827 1601 ingressus
846 1524 913 1584 nnis
932 1525 1104 1602 pervastatis
1125 1542 1196 1603 pas·

207 1608 291 1667 ssim
308 1606 387 1682 agris
400 1604 506 1666 urbem
523 1606 670 1683 tripertito
686 1607 865 1685 adgreditur.
893 1605 1018 1685 angulus
1034 1608 1112 1669 muri
1129 1615 1194 1671 erat

235 1688 267 1747 in
292 1685 456 1765 planiorem
484 1690 738 1770 patentioremque
757 1709 845 1770 quarn
867 1691 1065 1756 ceteracirca
1086 1689 1190 1752 vallem

234 1786 374 1849 vergens:
398 1768 537 1832 adversus
557 1788 623 1833 eum
644 1774 744 1835 vineas
767 1791 856 1853 agera
876 1774 1017 1843 instituit,
1043 1790 1098 1853 por
1120 1790 1193 1853 quas

208 1853 313 1913 caries
338 1853 494 1916 moenibus
517 1854 666 1916 admoveri
691 1863 800 1936 posset.
851 1856 903 1919 sed
926 1864 960 1917 nt
984 1856 1066 1918 locus
1087 1855 1193 1936 procul

234 1954 320 1997 muro
340 1938 411 1998 satls
432 1954 542 2017 aequus
562 1939 684 2016 agendis
702 1941 795 2002 uncis
815 1941 885 2012 fuit,
906 1941 947 2001 ita
966 1939 1191 2020 haudquaquam

232 2036 389 2099 prospere,
404 2027 559 2101 postquam
570 2021 607 2083 ad
619 2022 755 2085 effectum
767 2025 864 2103 operis
874 2030 994 2085 rentum
1006 2029 1065 2094 est,
1081 2024 1192 2103 coeptis

206 2102 417 2165 tsuccedebat.
447 2111 477 2165 ot
496 2106 586 2166 turris
606 2107 712 2185 ingens
726 2106 902 2177 inminebat,
919 2114 949 2167 et
961 2124 1077 2177 munis,
1105 2114 1140 2169 ut
1159 2107 1190 2167 in

234 2195 370 2267 suspecto
385 2185 464 2258 loco,
488 2206 578 2268 supra
598 2197 714 2251 caterae
729 2189 849 2251 modum
869 2187 1030 2255 altitudinis
1044 2191 1190 2252 emunitus

234 2278 313 2341 erat,
327 2278 358 2331 et
372 2272 507 2332 iuventus
518 2270 645 2344 delecta,
661 2272 713 2334 ubi
725 2271 885 2353 plurimum
896 2271 1022 2353 periculi
1032 2290 1067 2335 ao
1077 2274 1190 2337 timoris

206 2352 457 2425 sostendebatur,
472 2353 515 2415 ibi
529 2355 557 2415 vi
571 2357 683 2417 nuiore
699 2355 889 2419 obsistebant.
922 2374 957 2417 ac
976 2358 1073 2436 primo
1093 2357 1188 2418 missi·

233 2434 310 2498 libus
328 2436 502 2501 submonere
522 2438 638 2500 hostem
660 2456 715 2500 nec
736 2441 892 2519 quicquam
913 2441 984 2502 satis
1008 2446 1101 2502 tunm
1123 2456 1187 2501 mn·

234 2517 385 2580 nientibus
395 2522 469 2597 pati,
485 2520 593 2582 deinde
609 2523 668 2583 iam
686 2539 747 2583 non
760 2540 816 2602 pro
830 2523 985 2584 moenibus
999 2523 1085 2585 modo
1099 2529 1186 2603 atquo

234 2601 310 2659 turri
324 2599 382 2660 tela
393 2603 517 2672 micare,
539 2601 592 2664 sed
616 2604 653 2664 ad
670 2607 884 2685 erumpendum
900 2608 988 2668 etiam
1004 2608 1035 2668 in
1049 2605 1187 2668 stationes

204 2686 382 2761 toperaquo
397 2682 526 2745 bostium
541 2686 656 2747 animus
671 2695 749 2758 orat:
767 2689 875 2768 quibus
887 2689 1084 2752 tumultuariis
1094 2698 1186 2752 certa·

232 2762 361 2826 minibus
372 2763 451 2828 hand
460 2766 555 2829 ferme
565 2766 665 2848 plures
673 2771 826 2850 Saguntini
838 2772 982 2835 cadebant
990 2792 1079 2853 quam
1086 2774 1185 2837 Poeni.

191 2853 266 2908 tout
279 2865 349 2909 vero
364 2848 510 2915 Hannibal
524 2850 601 2933 ipse,
625 2853 695 2916 dum
714 2874 833 2918 murum
853 2858 996 2920 incautius
1021 2857 1113 2929 subit,
1137 2856 1185 2918 ad·

230 2949 347 2996 versum
370 2933 467 2997 lemur
484 2935 599 3016 tragula
619 2940 747 3015 maniter
761 2940 837 3001 ictus
861 2940 981 3013 cecidit,
1007 2949 1087 3004 tanta
1109 2941 1185 3003 circa

232 3014 301 3095 iuga
315 3033 350 3078 ao
364 3018 648 3097 trepidationibus
663 3039 722 3082 non
735 3021 860 3085 multum
871 3022 1000 3096 abesset,
1015 3026 1084 3105 quin
1095 3041 1183 3105 opera

232 3115 266 3159 ac
282 3100 384 3161 vinem
397 3100 615 3165 desererentur.

200 3186 217 3248 l
294 3181 367 3245 VlIl.
398 3183 519 3248 Obsidio
545 3186 651 3249 deinde
676 3205 864 3269 perpaucos
890 3190 952 3253 dies
978 3192 1071 3272 magis
1086 3192 1182 3271 'mam

230 3267 493 3347 oppugnationis,
518 3270 587 3332 dum
608 3270 713 3334 vulnus
734 3273 818 3335 ducis
837 3276 1000 3338 curaretur.
1034 3292 1090 3357 per
1107 3274 1185 3355 quod

231 3355 345 3429 tempus
358 3356 391 3412 ut
403 3353 486 3431 quies
501 3356 694 3417 certaminum
709 3363 786 3428 erat,
799 3358 839 3419 ita
853 3357 890 3419 ab
906 3366 1048 3439 apparatu
1062 3376 1185 3439 operum

201 3436 264 3490 tac
282 3434 477 3496 munitionum
498 3437 571 3498 nibil
587 3447 741 3502 cessatum.
777 3442 875 3523 itaque
900 3443 997 3504 acrius
1014 3442 1051 3504 de
1068 3444 1184 3521 integro
