<?xml version="1.0" encoding="UTF-8"?>
<!DOCTYPE html PUBLIC "-//W3C//DTD XHTML 1.0 Transitional//EN"
    "http://www.w3.org/TR/xhtml1/DTD/xhtml1-transitional.dtd">
<html xmlns="http://www.w3.org/1999/xhtml" xml:lang="en" lang="en">
 <head>
  <title>
</title>
<meta http-equiv="Content-Type" content="text/html;charset=utf-8" />
  <meta name='ocr-system' content='tesseract 3.04.00' />
  <meta name='ocr-capabilities' content='ocr_page ocr_carea ocr_par ocr_line ocrx_word'/>
</head>
<body>
  <div class='ocr_page' id='page_1' title='image "./aburbeconditali12livygoog_0279.png"; bbox 0 0 2575 4067; ppageno 0'>
   <div class='ocr_carea' id='block_1_1' title="bbox 290 193 1055 278">
    <p class='ocr_par' dir='ltr' id='par_1_1' title="bbox 290 193 1055 278">
     <span class='ocr_line' id='line_1_1' title="bbox 290 193 1055 278; baseline -0.004 -20"><span class='ocrx_word' id='word_1_1' title='bbox 290 215 381 259; x_wconf 78' lang='lat' dir='ltr'><strong>crass</strong></span> <span class='ocrx_word' id='word_1_2' title='bbox 394 217 469 257; x_wconf 85' lang='lat' dir='ltr'><strong>xxrr.</strong></span> <span class='ocrx_word' id='word_1_3' title='bbox 487 216 554 258; x_wconf 75' lang='lat' dir='ltr'><strong>oar.</strong></span> <span class='ocrx_word' id='word_1_4' title='bbox 573 203 614 257; x_wconf 80' lang='lat'><strong>13.</strong></span> <span class='ocrx_word' id='word_1_5' title='bbox 631 203 674 257; x_wconf 79' lang='lat' dir='ltr'><strong>ll.</strong></span> <span class='ocrx_word' id='word_1_6' title='bbox 689 193 729 277; x_wconf 80' lang='lat' dir='ltr'><strong>[a.</strong></span> <span class='ocrx_word' id='word_1_7' title='bbox 747 197 782 259; x_wconf 86' lang='grc' dir='ltr'><strong>Ο.</strong></span> <span class='ocrx_word' id='word_1_8' title='bbox 800 195 861 278; x_wconf 79' lang='lat'><strong>217]</strong></span> <span class='ocrx_word' id='word_1_9' title='bbox 994 201 1055 265; x_wconf 82' lang='lat'><strong>273</strong></span> 
     </span>
    </p>
   </div>
   <div class='ocr_carea' id='block_1_2' title="bbox 93 362 1096 3508">
    <p class='ocr_par' dir='ltr' id='par_1_2' title="bbox 94 362 1091 776">
     <span class='ocr_line' id='line_1_2' title="bbox 94 362 1052 444; baseline -0.003 -18"><span class='ocrx_word' id='word_1_10' title='bbox 94 366 246 444; x_wconf 86' lang='lat' dir='ltr'><strong>ingentem</strong></span> <span class='ocrx_word' id='word_1_11' title='bbox 260 362 388 433; x_wconf 80' lang='lat' dir='ltr'>cladem,</span> <span class='ocrx_word' id='word_1_12' title='bbox 404 362 503 441; x_wconf 90' lang='lat' dir='ltr'><strong>fugam</strong></span> <span class='ocrx_word' id='word_1_13' title='bbox 520 371 618 424; x_wconf 88' lang='lat' dir='ltr'><strong>tamen</strong></span> <span class='ocrx_word' id='word_1_14' title='bbox 635 371 838 443; x_wconf 88' lang='lat' dir='ltr'><strong>terroremque</strong></span> <span class='ocrx_word' id='word_1_15' title='bbox 852 362 938 425; x_wconf 87' lang='lat' dir='ltr'><strong>latius</strong></span> <span class='ocrx_word' id='word_1_16' title='bbox 951 362 1052 426; x_wconf 87' lang='lat' dir='ltr'><strong>Numl-</strong></span> 
     </span>
     <span class='ocr_line' id='line_1_3' title="bbox 94 445 1091 526; baseline -0.001 -18"><span class='ocrx_word' id='word_1_17' title='bbox 94 448 151 509; x_wconf 92' lang='lat' dir='ltr'><strong>dae</strong></span> <span class='ocrx_word' id='word_1_18' title='bbox 166 447 315 509; x_wconf 90' lang='lat' dir='ltr'><strong>fecerunt:</strong></span> <span class='ocrx_word' id='word_1_19' title='bbox 334 463 389 505; x_wconf 89' lang='lat' dir='ltr'><strong>nec</strong></span> <span class='ocrx_word' id='word_1_20' title='bbox 402 453 501 507; x_wconf 90' lang='lat' dir='ltr'><strong>tamen</strong></span> <span class='ocrx_word' id='word_1_21' title='bbox 517 448 543 507; x_wconf 91' lang='lat' dir='ltr'><strong>is</strong></span> <span class='ocrx_word' id='word_1_22' title='bbox 558 454 670 517; x_wconf 90' lang='lat' dir='ltr'><strong>terror,</strong></span> <span class='ocrx_word' id='word_1_23' title='bbox 689 464 754 507; x_wconf 91' lang='lat' dir='ltr'><strong>cum</strong></span> <span class='ocrx_word' id='word_1_24' title='bbox 771 448 868 507; x_wconf 90' lang='lat' dir='ltr'><strong>omnia</strong></span> <span class='ocrx_word' id='word_1_25' title='bbox 888 445 966 507; x_wconf 93' lang='lat' dir='ltr'><strong>bello</strong></span> <span class='ocrx_word' id='word_1_26' title='bbox 981 447 1053 526; x_wconf 88' lang='lat' dir='ltr'><strong>flag·</strong></span> <span class='ocrx_word' id='word_1_27' title='bbox 1066 455 1091 507; x_wconf 88' lang='lat' dir='ltr'><strong>ll</strong></span> 
     </span>
     <span class='ocr_line' id='line_1_4' title="bbox 94 529 1053 609; baseline -0.001 -18"><span class='ocrx_word' id='word_1_28' title='bbox 94 539 210 602; x_wconf 89' lang='lat' dir='ltr'><strong>rareut,</strong></span> <span class='ocrx_word' id='word_1_29' title='bbox 235 531 293 592; x_wconf 88' lang='lat' dir='ltr'><strong>fide</strong></span> <span class='ocrx_word' id='word_1_30' title='bbox 308 530 403 590; x_wconf 90' lang='lat' dir='ltr'><strong>socios</strong></span> <span class='ocrx_word' id='word_1_31' title='bbox 417 529 550 600; x_wconf 82' lang='lat' dir='ltr'><strong>dimovit,</strong></span> <span class='ocrx_word' id='word_1_32' title='bbox 576 529 712 590; x_wconf 80' lang='lat' dir='ltr'><strong>videlicet</strong></span> <span class='ocrx_word' id='word_1_33' title='bbox 733 531 801 609; x_wconf 92' lang='lat' dir='ltr'><strong>quia</strong></span> <span class='ocrx_word' id='word_1_34' title='bbox 816 531 892 589; x_wconf 91' lang='lat' dir='ltr'><strong>iusto</strong></span> <span class='ocrx_word' id='word_1_35' title='bbox 909 537 938 590; x_wconf 90' lang='lat' dir='ltr'><strong>et</strong></span> <span class='ocrx_word' id='word_1_36' title='bbox 953 529 1053 591; x_wconf 74' lang='lat' dir='ltr'><strong>mode·</strong></span> 
     </span>
     <span class='ocr_line' id='line_1_5' title="bbox 94 611 1053 693; baseline -0.002 -18"><span class='ocrx_word' id='word_1_37' title='bbox 94 622 159 676; x_wconf 90' lang='lat' dir='ltr'><strong>rato</strong></span> <span class='ocrx_word' id='word_1_38' title='bbox 175 615 355 693; x_wconf 88' lang='lat' dir='ltr'><strong>regebantur</strong></span> <span class='ocrx_word' id='word_1_39' title='bbox 369 613 494 692; x_wconf 91' lang='lat' dir='ltr'><strong>imperio</strong></span> <span class='ocrx_word' id='word_1_40' title='bbox 510 630 566 674; x_wconf 88' lang='lat' dir='ltr'><strong>nec</strong></span> <span class='ocrx_word' id='word_1_41' title='bbox 581 611 765 683; x_wconf 83' lang='lat' dir='ltr'><strong>abnuebant,</strong></span> <span class='ocrx_word' id='word_1_42' title='bbox 787 612 865 692; x_wconf 92' lang='lat' dir='ltr'><strong>quod</strong></span> <span class='ocrx_word' id='word_1_43' title='bbox 882 630 973 673; x_wconf 91' lang='lat' dir='ltr'><strong>unum</strong></span> <span class='ocrx_word' id='word_1_44' title='bbox 990 614 1053 673; x_wconf 82' lang='lat' dir='ltr'><strong>rin·</strong></span> 
     </span>
     <span class='ocr_line' id='line_1_6' title="bbox 94 695 670 776; baseline -0.005 -18"><span class='ocrx_word' id='word_1_45' title='bbox 94 697 193 759; x_wconf 90' lang='lat' dir='ltr'><strong>culum</strong></span> <span class='ocrx_word' id='word_1_46' title='bbox 207 697 276 758; x_wconf 89' lang='lat' dir='ltr'><strong>fidei</strong></span> <span class='ocrx_word' id='word_1_47' title='bbox 292 704 351 767; x_wconf 92' lang='lat' dir='ltr'><strong>est,</strong></span> <span class='ocrx_word' id='word_1_48' title='bbox 368 695 539 758; x_wconf 88' lang='lat' dir='ltr'><strong>melioribus</strong></span> <span class='ocrx_word' id='word_1_49' title='bbox 554 714 670 776; x_wconf 88' lang='lat' dir='ltr'><strong>parere.</strong></span> 
     </span>
    </p>

    <p class='ocr_par' dir='ltr' id='par_1_3' title="bbox 93 778 1096 3508">
     <span class='ocr_line' id='line_1_7' title="bbox 156 778 1080 859; baseline -0.003 -17"><span class='ocrx_word' id='word_1_50' title='bbox 156 780 229 842; x_wconf 87' lang='lat' dir='ltr'><strong>lllV.</strong></span> <span class='ocrx_word' id='word_1_51' title='bbox 260 781 299 842; x_wconf 92' lang='lat' dir='ltr'><strong>Ut</strong></span> <span class='ocrx_word' id='word_1_52' title='bbox 312 798 397 850; x_wconf 89' lang='lat' dir='ltr'><strong>vero,</strong></span> <span class='ocrx_word' id='word_1_53' title='bbox 415 787 569 859; x_wconf 79' lang='lat' dir='ltr'><strong>postquam</strong></span> <span class='ocrx_word' id='word_1_54' title='bbox 588 779 625 840; x_wconf 94' lang='lat' dir='ltr'><strong>ad</strong></span> <span class='ocrx_word' id='word_1_55' title='bbox 640 779 816 841; x_wconf 81' lang='lat' dir='ltr'><strong>Vulturnum</strong></span> <span class='ocrx_word' id='word_1_56' title='bbox 833 778 943 842; x_wconf 82' lang='lat' dir='ltr'><strong>flumen</strong></span> <span class='ocrx_word' id='word_1_57' title='bbox 960 786 1080 841; x_wconf 82' lang='lat' dir='ltr'><strong>castrat</strong></span> 
     </span>
     <span class='ocr_line' id='line_1_8' title="bbox 93 861 1055 943; baseline -0.002 -18"><span class='ocrx_word' id='word_1_58' title='bbox 93 872 163 926; x_wconf 89' lang='lat' dir='ltr'><strong>sunt</strong></span> <span class='ocrx_word' id='word_1_59' title='bbox 182 866 292 943; x_wconf 83' lang='lat' dir='ltr'><strong>posita,</strong></span> <span class='ocrx_word' id='word_1_60' title='bbox 314 862 492 924; x_wconf 81' lang='lat' dir='ltr'><strong>exurebatur</strong></span> <span class='ocrx_word' id='word_1_61' title='bbox 512 864 735 924; x_wconf 85' lang='lat' dir='ltr'><strong>amoenissimus</strong></span> <span class='ocrx_word' id='word_1_62' title='bbox 750 862 849 924; x_wconf 91' lang='lat' dir='ltr'><strong>ltaliae</strong></span> <span class='ocrx_word' id='word_1_63' title='bbox 870 881 942 942; x_wconf 89' lang='lat' dir='ltr'><strong>ager</strong></span> <span class='ocrx_word' id='word_1_64' title='bbox 956 861 1055 923; x_wconf 86' lang='lat' dir='ltr'><strong>villae·</strong></span> 
     </span>
     <span class='ocr_line' id='line_1_9' title="bbox 93 946 1056 1028; baseline -0.002 -20"><span class='ocrx_word' id='word_1_65' title='bbox 93 966 152 1028; x_wconf 92' lang='lat' dir='ltr'><strong>que</strong></span> <span class='ocrx_word' id='word_1_66' title='bbox 171 949 279 1027; x_wconf 89' lang='lat' dir='ltr'><strong>passim</strong></span> <span class='ocrx_word' id='word_1_67' title='bbox 299 946 443 1007; x_wconf 87' lang='lat' dir='ltr'><strong>incendiis</strong></span> <span class='ocrx_word' id='word_1_68' title='bbox 466 946 617 1008; x_wconf 79' lang='lat' dir='ltr'><strong>fumabant</strong></span> <span class='ocrx_word' id='word_1_69' title='bbox 640 964 695 1025; x_wconf 87' lang='lat' dir='ltr'><strong>per</strong></span> <span class='ocrx_word' id='word_1_70' title='bbox 722 948 788 1025; x_wconf 91' lang='lat' dir='ltr'><strong>iuga</strong></span> <span class='ocrx_word' id='word_1_71' title='bbox 810 946 926 1008; x_wconf 81' lang='lat' dir='ltr'><strong>Massici</strong></span> <span class='ocrx_word' id='word_1_72' title='bbox 946 948 1056 1008; x_wconf 88' lang='lat' dir='ltr'><strong>montis</strong></span> 
     </span>
     <span class='ocr_line' id='line_1_10' title="bbox 94 1030 1054 1110; baseline -0.002 -18"><span class='ocrx_word' id='word_1_73' title='bbox 94 1030 186 1092; x_wconf 86' lang='lat' dir='ltr'><strong>Fabio</strong></span> <span class='ocrx_word' id='word_1_74' title='bbox 204 1030 344 1101; x_wconf 80' lang='lat' dir='ltr'><strong>ducente,</strong></span> <span class='ocrx_word' id='word_1_75' title='bbox 366 1037 428 1091; x_wconf 92' lang='lat' dir='ltr'><strong>tum</strong></span> <span class='ocrx_word' id='word_1_76' title='bbox 447 1048 541 1110; x_wconf 88' lang='lat' dir='ltr'><strong>prope</strong></span> <span class='ocrx_word' id='word_1_77' title='bbox 564 1031 601 1090; x_wconf 92' lang='lat' dir='ltr'><strong>de</strong></span> <span class='ocrx_word' id='word_1_78' title='bbox 620 1030 737 1109; x_wconf 91' lang='lat' dir='ltr'><strong>integro</strong></span> <span class='ocrx_word' id='word_1_79' title='bbox 761 1030 905 1091; x_wconf 89' lang='lat' dir='ltr'><strong>seditione</strong></span> <span class='ocrx_word' id='word_1_80' title='bbox 921 1031 1054 1091; x_wconf 89' lang='lat' dir='ltr'><strong>accensi:</strong></span> 
     </span>
     <span class='ocr_line' id='line_1_11' title="bbox 94 1111 1082 1194; baseline -0.006 -19"><span class='ocrx_word' id='word_1_81' title='bbox 94 1117 265 1194; x_wconf 77' lang='lat' dir='ltr'><strong>quieverant</strong></span> <span class='ocrx_word' id='word_1_82' title='bbox 275 1114 355 1175; x_wconf 88' lang='lat' dir='ltr'><strong>enim</strong></span> <span class='ocrx_word' id='word_1_83' title='bbox 373 1131 546 1193; x_wconf 89' lang='lat' dir='ltr'><strong>perpaucos</strong></span> <span class='ocrx_word' id='word_1_84' title='bbox 558 1112 633 1185; x_wconf 88' lang='lat' dir='ltr'><strong>dies,</strong></span> <span class='ocrx_word' id='word_1_85' title='bbox 652 1114 734 1194; x_wconf 90' lang='lat' dir='ltr'><strong>quia,</strong></span> <span class='ocrx_word' id='word_1_86' title='bbox 750 1132 816 1174; x_wconf 91' lang='lat' dir='ltr'><strong>cum</strong></span> <span class='ocrx_word' id='word_1_87' title='bbox 833 1112 958 1174; x_wconf 88' lang='lat' dir='ltr'><strong>celerius</strong></span> <span class='ocrx_word' id='word_1_88' title='bbox 968 1111 1082 1174; x_wconf 78' lang='lat' dir='ltr'><strong>solitoa</strong></span> 
     </span>
     <span class='ocr_line' id='line_1_12' title="bbox 95 1195 1052 1277; baseline -0.001 -20"><span class='ocrx_word' id='word_1_89' title='bbox 95 1198 215 1258; x_wconf 90' lang='lat' dir='ltr'><strong>ductum</strong></span> <span class='ocrx_word' id='word_1_90' title='bbox 227 1216 332 1277; x_wconf 82' lang='lat' dir='ltr'><strong>agmen</strong></span> <span class='ocrx_word' id='word_1_91' title='bbox 347 1203 440 1267; x_wconf 86' lang='lat' dir='ltr'><strong>esset,</strong></span> <span class='ocrx_word' id='word_1_92' title='bbox 461 1196 594 1258; x_wconf 88' lang='lat' dir='ltr'><strong>festinari</strong></span> <span class='ocrx_word' id='word_1_93' title='bbox 608 1197 645 1257; x_wconf 93' lang='lat' dir='ltr'><strong>ad</strong></span> <span class='ocrx_word' id='word_1_94' title='bbox 659 1195 873 1275; x_wconf 83' lang='lat' dir='ltr'><strong>prohibendam</strong></span> <span class='ocrx_word' id='word_1_95' title='bbox 889 1195 1052 1276; x_wconf 85' lang='lat' dir='ltr'><strong>populatio·</strong></span> 
     </span>
     <span class='ocr_line' id='line_1_13' title="bbox 94 1278 1081 1360; baseline -0.004 -19"><span class='ocrx_word' id='word_1_96' title='bbox 94 1280 182 1341; x_wconf 92' lang='lat' dir='ltr'><strong>nibus</strong></span> <span class='ocrx_word' id='word_1_97' title='bbox 197 1281 385 1360; x_wconf 85' lang='lat' dir='ltr'><strong>Campaniam</strong></span> <span class='ocrx_word' id='word_1_98' title='bbox 403 1278 599 1342; x_wconf 85' lang='lat' dir='ltr'><strong>crediderant.</strong></span> <span class='ocrx_word' id='word_1_99' title='bbox 638 1287 672 1342; x_wconf 91' lang='lat' dir='ltr'><strong>ut</strong></span> <span class='ocrx_word' id='word_1_100' title='bbox 691 1298 762 1340; x_wconf 82' lang='lat' dir='ltr'><strong>vero</strong></span> <span class='ocrx_word' id='word_1_101' title='bbox 782 1281 814 1340; x_wconf 92' lang='lat' dir='ltr'><strong>in</strong></span> <span class='ocrx_word' id='word_1_102' title='bbox 833 1288 963 1341; x_wconf 88' lang='lat' dir='ltr'><strong>extrema</strong></span> <span class='ocrx_word' id='word_1_103' title='bbox 986 1280 1081 1358; x_wconf 71' lang='lat' dir='ltr'><strong>lugat</strong></span> 
     </span>
     <span class='ocr_line' id='line_1_14' title="bbox 94 1362 1054 1434; baseline -0.002 -9"><span class='ocrx_word' id='word_1_104' title='bbox 94 1363 209 1425; x_wconf 83' lang='lat' dir='ltr'><strong>Massici</strong></span> <span class='ocrx_word' id='word_1_105' title='bbox 224 1365 332 1425; x_wconf 91' lang='lat' dir='ltr'><strong>montis</strong></span> <span class='ocrx_word' id='word_1_106' title='bbox 346 1371 478 1434; x_wconf 85' lang='lat' dir='ltr'><strong>ventum,</strong></span> <span class='ocrx_word' id='word_1_107' title='bbox 497 1371 526 1426; x_wconf 91' lang='lat' dir='ltr'><strong>et</strong></span> <span class='ocrx_word' id='word_1_108' title='bbox 543 1363 644 1426; x_wconf 89' lang='lat' dir='ltr'><strong>hostes</strong></span> <span class='ocrx_word' id='word_1_109' title='bbox 657 1362 712 1424; x_wconf 88' lang='lat' dir='ltr'><strong>sub</strong></span> <span class='ocrx_word' id='word_1_110' title='bbox 731 1362 823 1425; x_wconf 84' lang='lat' dir='ltr'><strong>oculis</strong></span> <span class='ocrx_word' id='word_1_111' title='bbox 838 1370 922 1425; x_wconf 89' lang='lat' dir='ltr'><strong>erant</strong></span> <span class='ocrx_word' id='word_1_112' title='bbox 936 1362 1054 1424; x_wconf 85' lang='lat' dir='ltr'><strong>Falerni</strong></span> 
     </span>
     <span class='ocr_line' id='line_1_15' title="bbox 94 1445 1054 1527; baseline -0.003 -19"><span class='ocrx_word' id='word_1_113' title='bbox 94 1449 158 1526; x_wconf 90' lang='lat' dir='ltr'><strong>agri</strong></span> <span class='ocrx_word' id='word_1_114' title='bbox 175 1446 406 1527; x_wconf 89' lang='lat' dir='ltr'><strong>colonorumque</strong></span> <span class='ocrx_word' id='word_1_115' title='bbox 421 1447 577 1508; x_wconf 87' lang='lat' dir='ltr'><strong>Sinuessae</strong></span> <span class='ocrx_word' id='word_1_116' title='bbox 596 1453 673 1508; x_wconf 90' lang='lat' dir='ltr'><strong>tecta</strong></span> <span class='ocrx_word' id='word_1_117' title='bbox 686 1454 822 1516; x_wconf 84' lang='lat' dir='ltr'><strong>ruentes,</strong></span> <span class='ocrx_word' id='word_1_118' title='bbox 838 1465 894 1507; x_wconf 91' lang='lat' dir='ltr'><strong>nec</strong></span> <span class='ocrx_word' id='word_1_119' title='bbox 910 1445 969 1507; x_wconf 89' lang='lat' dir='ltr'><strong>ulla</strong></span> <span class='ocrx_word' id='word_1_120' title='bbox 990 1452 1054 1507; x_wconf 91' lang='lat' dir='ltr'><strong>erat</strong></span> 
     </span>
     <span class='ocr_line' id='line_1_16' title="bbox 94 1529 1081 1610; baseline -0.006 -19"><span class='ocrx_word' id='word_1_121' title='bbox 94 1534 204 1593; x_wconf 91' lang='lat' dir='ltr'><strong>mentio</strong></span> <span class='ocrx_word' id='word_1_122' title='bbox 219 1549 350 1610; x_wconf 79' lang='lat' dir='ltr'><strong>pugnae,</strong></span> <span class='ocrx_word' id='word_1_123' title='bbox 368 1538 595 1609; x_wconf 86' lang='lat' dir='ltr'><strong>„spectatumne</strong></span> <span class='ocrx_word' id='word_1_124' title='bbox 611 1531 670 1591; x_wconf 91' lang='lat' dir='ltr'><strong>huc</strong></span> <span class='ocrx_word' id='word_1_125' title='bbox 681 1539 699 1562; x_wconf 86' lang='lat'>“</span> <span class='ocrx_word' id='word_1_126' title='bbox 724 1531 820 1610; x_wconf 91' lang='lat' dir='ltr'><strong>inquit</strong></span> <span class='ocrx_word' id='word_1_127' title='bbox 833 1529 978 1591; x_wconf 86' lang='lat' dir='ltr'><strong>Minucius</strong></span> <span class='ocrx_word' id='word_1_128' title='bbox 991 1529 1081 1601; x_wconf 79' lang='lat' dir='ltr'><strong>„ade</strong></span> 
     </span>
     <span class='ocr_line' id='line_1_17' title="bbox 94 1611 1053 1685; baseline -0.001 -11"><span class='ocrx_word' id='word_1_129' title='bbox 94 1632 160 1675; x_wconf 90' lang='lat' dir='ltr'><strong>rem</strong></span> <span class='ocrx_word' id='word_1_130' title='bbox 176 1613 330 1675; x_wconf 75' lang='lat' dir='ltr'><strong>fruendam</strong></span> <span class='ocrx_word' id='word_1_131' title='bbox 345 1611 451 1685; x_wconf 88' lang='lat' dir='ltr'><strong>oculis,</strong></span> <span class='ocrx_word' id='word_1_132' title='bbox 466 1616 614 1675; x_wconf 91' lang='lat' dir='ltr'><strong>sociorum</strong></span> <span class='ocrx_word' id='word_1_133' title='bbox 630 1614 735 1675; x_wconf 87' lang='lat' dir='ltr'><strong>caedes</strong></span> <span class='ocrx_word' id='word_1_134' title='bbox 755 1622 785 1675; x_wconf 89' lang='lat' dir='ltr'><strong>et</strong></span> <span class='ocrx_word' id='word_1_135' title='bbox 803 1612 954 1679; x_wconf 87' lang='lat' dir='ltr'><strong>incendia.</strong></span> <span class='ocrx_word' id='word_1_136' title='bbox 972 1613 1053 1674; x_wconf 87' lang='lat' dir='ltr'><strong>veni·</strong></span> 
     </span>
     <span class='ocr_line' id='line_1_18' title="bbox 94 1696 1053 1775; baseline -0.001 -16"><span class='ocrx_word' id='word_1_137' title='bbox 94 1699 179 1760; x_wconf 85' lang='lat' dir='ltr'><strong>musi</strong></span> <span class='ocrx_word' id='word_1_138' title='bbox 196 1716 266 1769; x_wconf 84' lang='lat' dir='ltr'><strong>nec,</strong></span> <span class='ocrx_word' id='word_1_139' title='bbox 279 1700 304 1757; x_wconf 93' lang='lat' dir='ltr'><strong>si</strong></span> <span class='ocrx_word' id='word_1_140' title='bbox 314 1696 422 1758; x_wconf 89' lang='lat' dir='ltr'><strong>nullius</strong></span> <span class='ocrx_word' id='word_1_141' title='bbox 432 1696 552 1759; x_wconf 86' lang='lat' dir='ltr'><strong>alterius</strong></span> <span class='ocrx_word' id='word_1_142' title='bbox 563 1716 632 1768; x_wconf 87' lang='lat' dir='ltr'><strong>uos,</strong></span> <span class='ocrx_word' id='word_1_143' title='bbox 645 1715 683 1758; x_wconf 94' lang='lat' dir='ltr'><strong>ne</strong></span> <span class='ocrx_word' id='word_1_144' title='bbox 695 1697 800 1758; x_wconf 79' lang='lat' dir='ltr'><strong>civium</strong></span> <span class='ocrx_word' id='word_1_145' title='bbox 813 1697 931 1775; x_wconf 87' lang='lat' dir='ltr'><strong>quidem</strong></span> <span class='ocrx_word' id='word_1_146' title='bbox 946 1697 1053 1758; x_wconf 90' lang='lat' dir='ltr'><strong>borum</strong></span> 
     </span>
     <span class='ocr_line' id='line_1_19' title="bbox 95 1780 1079 1862; baseline -0.003 -20"><span class='ocrx_word' id='word_1_147' title='bbox 95 1780 202 1862; x_wconf 86' lang='lat' dir='ltr'><strong>pudet,</strong></span> <span class='ocrx_word' id='word_1_148' title='bbox 219 1799 291 1860; x_wconf 92' lang='lat' dir='ltr'><strong>quos</strong></span> <span class='ocrx_word' id='word_1_149' title='bbox 307 1781 476 1842; x_wconf 87' lang='lat' dir='ltr'><strong>Sinuessam</strong></span> <span class='ocrx_word' id='word_1_150' title='bbox 491 1780 610 1841; x_wconf 91' lang='lat' dir='ltr'><strong>colones</strong></span> <span class='ocrx_word' id='word_1_151' title='bbox 625 1789 725 1860; x_wconf 89' lang='lat' dir='ltr'><strong>patres</strong></span> <span class='ocrx_word' id='word_1_152' title='bbox 742 1781 837 1842; x_wconf 89' lang='lat' dir='ltr'><strong>nostri</strong></span> <span class='ocrx_word' id='word_1_153' title='bbox 853 1782 1006 1851; x_wconf 84' lang='lat' dir='ltr'><strong>miserunt,</strong></span> <span class='ocrx_word' id='word_1_154' title='bbox 1022 1786 1079 1840; x_wconf 74' lang='lat' dir='ltr'><strong>uti</strong></span> 
     </span>
     <span class='ocr_line' id='line_1_20' title="bbox 95 1863 1051 1943; baseline -0.002 -17"><span class='ocrx_word' id='word_1_155' title='bbox 95 1863 132 1926; x_wconf 91' lang='lat' dir='ltr'><strong>ab</strong></span> <span class='ocrx_word' id='word_1_156' title='bbox 150 1865 280 1926; x_wconf 90' lang='lat' dir='ltr'><strong>Samnite</strong></span> <span class='ocrx_word' id='word_1_157' title='bbox 294 1865 377 1925; x_wconf 89' lang='lat' dir='ltr'><strong>hoste</strong></span> <span class='ocrx_word' id='word_1_158' title='bbox 393 1869 454 1924; x_wconf 93' lang='lat' dir='ltr'><strong>tuta</strong></span> <span class='ocrx_word' id='word_1_159' title='bbox 468 1863 541 1924; x_wconf 93' lang='lat' dir='ltr'><strong>haec</strong></span> <span class='ocrx_word' id='word_1_160' title='bbox 555 1881 607 1924; x_wconf 87' lang='lat' dir='ltr'><strong>ora</strong></span> <span class='ocrx_word' id='word_1_161' title='bbox 622 1873 718 1933; x_wconf 86' lang='lat' dir='ltr'><strong>esset,</strong></span> <span class='ocrx_word' id='word_1_162' title='bbox 744 1883 830 1943; x_wconf 88' lang='lat' dir='ltr'><strong>quam</strong></span> <span class='ocrx_word' id='word_1_163' title='bbox 845 1881 924 1924; x_wconf 89' lang='lat' dir='ltr'><strong>nunc</strong></span> <span class='ocrx_word' id='word_1_164' title='bbox 936 1882 997 1924; x_wconf 90' lang='lat' dir='ltr'><strong>non</strong></span> <span class='ocrx_word' id='word_1_165' title='bbox 1010 1865 1051 1924; x_wconf 84' lang='lat' dir='ltr'><strong>vi·</strong></span> 
     </span>
     <span class='ocr_line' id='line_1_21' title="bbox 95 1945 1053 2018; baseline -0.003 -9"><span class='ocrx_word' id='word_1_166' title='bbox 95 1950 179 2009; x_wconf 87' lang='lat' dir='ltr'><strong>cinus</strong></span> <span class='ocrx_word' id='word_1_167' title='bbox 195 1949 309 2009; x_wconf 86' lang='lat' dir='ltr'><strong>Samnis</strong></span> <span class='ocrx_word' id='word_1_168' title='bbox 325 1949 398 2018; x_wconf 80' lang='lat' dir='ltr'><strong>urit,</strong></span> <span class='ocrx_word' id='word_1_169' title='bbox 411 1947 463 2007; x_wconf 88' lang='lat' dir='ltr'><strong>sed</strong></span> <span class='ocrx_word' id='word_1_170' title='bbox 478 1946 594 2007; x_wconf 89' lang='lat' dir='ltr'><strong>Poenus</strong></span> <span class='ocrx_word' id='word_1_171' title='bbox 609 1946 736 2014; x_wconf 82' lang='lat' dir='ltr'><strong>advena,</strong></span> <span class='ocrx_word' id='word_1_172' title='bbox 761 1946 798 2006; x_wconf 92' lang='lat' dir='ltr'><strong>ab</strong></span> <span class='ocrx_word' id='word_1_173' title='bbox 816 1948 955 2008; x_wconf 84' lang='lat' dir='ltr'><strong>extremis</strong></span> <span class='ocrx_word' id='word_1_174' title='bbox 972 1945 1053 2007; x_wconf 88' lang='lat' dir='ltr'><strong>orbis</strong></span> 
     </span>
     <span class='ocr_line' id='line_1_22' title="bbox 95 2029 1053 2093; baseline -0.003 -1"><span class='ocrx_word' id='word_1_175' title='bbox 95 2040 242 2093; x_wconf 90' lang='lat' dir='ltr'><strong>terrarum</strong></span> <span class='ocrx_word' id='word_1_176' title='bbox 258 2032 391 2092; x_wconf 86' lang='lat' dir='ltr'><strong>terminis</strong></span> <span class='ocrx_word' id='word_1_177' title='bbox 405 2037 506 2090; x_wconf 92' lang='lat' dir='ltr'><strong>nostra</strong></span> <span class='ocrx_word' id='word_1_178' title='bbox 522 2030 709 2090; x_wconf 91' lang='lat' dir='ltr'><strong>cunctatione</strong></span> <span class='ocrx_word' id='word_1_179' title='bbox 723 2034 753 2088; x_wconf 91' lang='lat' dir='ltr'><strong>et</strong></span> <span class='ocrx_word' id='word_1_180' title='bbox 767 2029 901 2089; x_wconf 92' lang='lat' dir='ltr'><strong>socordia</strong></span> <span class='ocrx_word' id='word_1_181' title='bbox 921 2031 978 2089; x_wconf 90' lang='lat' dir='ltr'><strong>iam</strong></span> <span class='ocrx_word' id='word_1_182' title='bbox 994 2030 1053 2090; x_wconf 90' lang='lat' dir='ltr'><strong>huc</strong></span> 
     </span>
     <span class='ocr_line' id='line_1_23' title="bbox 94 2109 1083 2197; baseline -0.005 -22"><span class='ocrx_word' id='word_1_183' title='bbox 94 2116 287 2197; x_wconf 81' lang='lat' dir='ltr'><strong>progressus?</strong></span> <span class='ocrx_word' id='word_1_184' title='bbox 305 2121 417 2176; x_wconf 89' lang='lat' dir='ltr'><strong>tantum</strong></span> <span class='ocrx_word' id='word_1_185' title='bbox 433 2114 504 2193; x_wconf 87' lang='lat' dir='ltr'><strong>pro!</strong></span> <span class='ocrx_word' id='word_1_186' title='bbox 520 2113 734 2190; x_wconf 84' lang='lat' dir='ltr'><strong>degeneramus</strong></span> <span class='ocrx_word' id='word_1_187' title='bbox 748 2130 765 2171; x_wconf 91' lang='lat' dir='ltr'><strong>a</strong></span> <span class='ocrx_word' id='word_1_188' title='bbox 787 2109 921 2190; x_wconf 88' lang='lat' dir='ltr'><strong>patribus</strong></span> <span class='ocrx_word' id='word_1_189' title='bbox 935 2114 1083 2181; x_wconf 72' lang='lat' dir='ltr'><strong>nostrisa</strong></span> 
     </span>
     <span class='ocr_line' id='line_1_24' title="bbox 94 2192 1052 2279; baseline -0.007 -19"><span class='ocrx_word' id='word_1_190' title='bbox 94 2206 128 2260; x_wconf 92' lang='lat' dir='ltr'><strong>ut</strong></span> <span class='ocrx_word' id='word_1_191' title='bbox 140 2206 258 2279; x_wconf 91' lang='lat' dir='ltr'><strong>praeter</strong></span> <span class='ocrx_word' id='word_1_192' title='bbox 270 2216 357 2277; x_wconf 93' lang='lat' dir='ltr'><strong>quam</strong></span> <span class='ocrx_word' id='word_1_193' title='bbox 368 2215 463 2276; x_wconf 89' lang='lat' dir='ltr'><strong>nuper</strong></span> <span class='ocrx_word' id='word_1_194' title='bbox 478 2214 560 2257; x_wconf 86' lang='lat' dir='ltr'><strong>oram</strong></span> <span class='ocrx_word' id='word_1_195' title='bbox 575 2194 618 2255; x_wconf 91' lang='lat' dir='ltr'><strong>illi</strong></span> <span class='ocrx_word' id='word_1_196' title='bbox 630 2214 713 2256; x_wconf 90' lang='lat' dir='ltr'><strong>suam</strong></span> <span class='ocrx_word' id='word_1_197' title='bbox 724 2195 850 2255; x_wconf 89' lang='lat' dir='ltr'><strong>Punicas</strong></span> <span class='ocrx_word' id='word_1_198' title='bbox 865 2196 964 2272; x_wconf 85' lang='lat' dir='ltr'><strong>vagari</strong></span> <span class='ocrx_word' id='word_1_199' title='bbox 979 2192 1052 2253; x_wconf 90' lang='lat' dir='ltr'><strong>elas·</strong></span> 
     </span>
     <span class='ocr_line' id='line_1_25' title="bbox 94 2276 1052 2359; baseline -0.006 -17"><span class='ocrx_word' id='word_1_200' title='bbox 94 2300 142 2343; x_wconf 84' lang='lat' dir='ltr'><strong>ses</strong></span> <span class='ocrx_word' id='word_1_201' title='bbox 158 2282 285 2343; x_wconf 84' lang='lat' dir='ltr'><strong>dedecus</strong></span> <span class='ocrx_word' id='word_1_202' title='bbox 307 2300 371 2342; x_wconf 89' lang='lat' dir='ltr'><strong>csse</strong></span> <span class='ocrx_word' id='word_1_203' title='bbox 391 2281 508 2359; x_wconf 88' lang='lat' dir='ltr'><strong>imperii</strong></span> <span class='ocrx_word' id='word_1_204' title='bbox 529 2279 738 2348; x_wconf 66' lang='lat' dir='ltr'><strong>adduxerint,</strong></span> <span class='ocrx_word' id='word_1_205' title='bbox 758 2296 823 2338; x_wconf 90' lang='lat' dir='ltr'><strong>eam</strong></span> <span class='ocrx_word' id='word_1_206' title='bbox 838 2294 918 2337; x_wconf 92' lang='lat' dir='ltr'><strong>nnnc</strong></span> <span class='ocrx_word' id='word_1_207' title='bbox 934 2276 1052 2357; x_wconf 89' lang='lat' dir='ltr'><strong>plenam</strong></span> 
     </span>
     <span class='ocr_line' id='line_1_26' title="bbox 95 2360 1052 2443; baseline -0.006 -18"><span class='ocrx_word' id='word_1_208' title='bbox 95 2366 222 2428; x_wconf 84' lang='lat' dir='ltr'><strong>hostium</strong></span> <span class='ocrx_word' id='word_1_209' title='bbox 244 2363 495 2443; x_wconf 85' lang='lat' dir='ltr'><strong>Numidarumque</strong></span> <span class='ocrx_word' id='word_1_210' title='bbox 515 2380 549 2423; x_wconf 91' lang='lat' dir='ltr'><strong>ac</strong></span> <span class='ocrx_word' id='word_1_211' title='bbox 571 2364 739 2424; x_wconf 87' lang='lat' dir='ltr'><strong>Maurorum</strong></span> <span class='ocrx_word' id='word_1_212' title='bbox 760 2363 817 2421; x_wconf 89' lang='lat' dir='ltr'><strong>iam</strong></span> <span class='ocrx_word' id='word_1_213' title='bbox 835 2361 944 2422; x_wconf 90' lang='lat' dir='ltr'><strong>factam</strong></span> <span class='ocrx_word' id='word_1_214' title='bbox 955 2360 1052 2421; x_wconf 83' lang='lat' dir='ltr'><strong>videa·</strong></span> 
     </span>
     <span class='ocr_line' id='line_1_27' title="bbox 95 2444 1080 2528; baseline -0.008 -19"><span class='ocrx_word' id='word_1_215' title='bbox 95 2449 179 2509; x_wconf 82' lang='lat' dir='ltr'><strong>musi</strong></span> <span class='ocrx_word' id='word_1_216' title='bbox 195 2450 246 2528; x_wconf 90' lang='lat' dir='ltr'><strong>qui</strong></span> <span class='ocrx_word' id='word_1_217' title='bbox 261 2448 350 2510; x_wconf 90' lang='lat' dir='ltr'><strong>modo</strong></span> <span class='ocrx_word' id='word_1_218' title='bbox 366 2448 527 2525; x_wconf 84' lang='lat' dir='ltr'><strong>Saguntum</strong></span> <span class='ocrx_word' id='word_1_219' title='bbox 542 2447 707 2525; x_wconf 85' lang='lat' dir='ltr'><strong>oppugnari</strong></span> <span class='ocrx_word' id='word_1_220' title='bbox 727 2445 908 2522; x_wconf 90' lang='lat' dir='ltr'><strong>indignando</strong></span> <span class='ocrx_word' id='word_1_221' title='bbox 925 2462 984 2505; x_wconf 91' lang='lat' dir='ltr'><strong>non</strong></span> <span class='ocrx_word' id='word_1_222' title='bbox 999 2444 1080 2504; x_wconf 77' lang='lat' dir='ltr'><strong>hoa</strong></span> 
     </span>
     <span class='ocr_line' id='line_1_28' title="bbox 95 2526 1052 2597; baseline -0.003 -5"><span class='ocrx_word' id='word_1_223' title='bbox 95 2534 190 2592; x_wconf 89' lang='lat' dir='ltr'><strong>mines</strong></span> <span class='ocrx_word' id='word_1_224' title='bbox 205 2541 316 2595; x_wconf 91' lang='lat' dir='ltr'><strong>tantum</strong></span> <span class='ocrx_word' id='word_1_225' title='bbox 333 2532 385 2594; x_wconf 93' lang='lat' dir='ltr'><strong>sed</strong></span> <span class='ocrx_word' id='word_1_226' title='bbox 404 2530 523 2591; x_wconf 82' lang='lat' dir='ltr'><strong>foedera</strong></span> <span class='ocrx_word' id='word_1_227' title='bbox 544 2538 573 2591; x_wconf 92' lang='lat' dir='ltr'><strong>et</strong></span> <span class='ocrx_word' id='word_1_228' title='bbox 594 2529 666 2590; x_wconf 89' lang='lat' dir='ltr'><strong>deos</strong></span> <span class='ocrx_word' id='word_1_229' title='bbox 680 2527 841 2597; x_wconf 84' lang='lat' dir='ltr'><strong>ciebamns.</strong></span> <span class='ocrx_word' id='word_1_230' title='bbox 863 2526 1052 2589; x_wconf 85' lang='lat' dir='ltr'><strong>scandentem</strong></span> 
     </span>
     <span class='ocr_line' id='line_1_29' title="bbox 94 2612 1052 2690; baseline -0.004 -15"><span class='ocrx_word' id='word_1_231' title='bbox 94 2616 211 2676; x_wconf 89' lang='lat' dir='ltr'><strong>moenia</strong></span> <span class='ocrx_word' id='word_1_232' title='bbox 236 2616 384 2678; x_wconf 85' lang='lat' dir='ltr'><strong>Romanae</strong></span> <span class='ocrx_word' id='word_1_233' title='bbox 409 2614 540 2676; x_wconf 88' lang='lat' dir='ltr'><strong>coloniae</strong></span> <span class='ocrx_word' id='word_1_234' title='bbox 562 2612 756 2675; x_wconf 89' lang='lat' dir='ltr'><strong>Hannibalem</strong></span> <span class='ocrx_word' id='word_1_235' title='bbox 783 2612 850 2674; x_wconf 90' lang='lat' dir='ltr'><strong>laeti</strong></span> <span class='ocrx_word' id='word_1_236' title='bbox 875 2618 1052 2690; x_wconf 85' lang='lat' dir='ltr'><strong>spectamus.</strong></span> 
     </span>
     <span class='ocr_line' id='line_1_30' title="bbox 95 2694 1081 2778; baseline -0.005 -19"><span class='ocrx_word' id='word_1_237' title='bbox 95 2699 193 2759; x_wconf 90' lang='lat' dir='ltr'><strong>fumus</strong></span> <span class='ocrx_word' id='word_1_238' title='bbox 208 2718 245 2760; x_wconf 86' lang='lat' dir='ltr'><strong>ex</strong></span> <span class='ocrx_word' id='word_1_239' title='bbox 257 2699 402 2760; x_wconf 90' lang='lat' dir='ltr'><strong>incendiis</strong></span> <span class='ocrx_word' id='word_1_240' title='bbox 422 2698 555 2759; x_wconf 85' lang='lat' dir='ltr'><strong>villarum</strong></span> <span class='ocrx_word' id='word_1_241' title='bbox 575 2715 772 2778; x_wconf 88' lang='lat' dir='ltr'><strong>agrorumque</strong></span> <span class='ocrx_word' id='word_1_242' title='bbox 793 2698 824 2757; x_wconf 93' lang='lat' dir='ltr'><strong>in</strong></span> <span class='ocrx_word' id='word_1_243' title='bbox 844 2694 945 2758; x_wconf 90' lang='lat' dir='ltr'><strong>oculos</strong></span> <span class='ocrx_word' id='word_1_244' title='bbox 967 2702 1081 2775; x_wconf 75' lang='lat' dir='ltr'><strong>atqnea</strong></span> 
     </span>
     <span class='ocr_line' id='line_1_31' title="bbox 96 2779 1052 2860; baseline -0.001 -20"><span class='ocrx_word' id='word_1_245' title='bbox 96 2799 148 2841; x_wconf 91' lang='lat' dir='ltr'><strong>ora</strong></span> <span class='ocrx_word' id='word_1_246' title='bbox 165 2782 257 2850; x_wconf 82' lang='lat' dir='ltr'><strong>venit,</strong></span> <span class='ocrx_word' id='word_1_247' title='bbox 270 2788 406 2860; x_wconf 89' lang='lat' dir='ltr'><strong>strepunt</strong></span> <span class='ocrx_word' id='word_1_248' title='bbox 417 2800 503 2843; x_wconf 90' lang='lat' dir='ltr'><strong>aures</strong></span> <span class='ocrx_word' id='word_1_249' title='bbox 516 2780 693 2841; x_wconf 87' lang='lat' dir='ltr'><strong>clamoribus</strong></span> <span class='ocrx_word' id='word_1_250' title='bbox 704 2779 883 2859; x_wconf 87' lang='lat' dir='ltr'><strong>plorantium</strong></span> <span class='ocrx_word' id='word_1_251' title='bbox 894 2780 1052 2846; x_wconf 84' lang='lat' dir='ltr'><strong>sociorum,</strong></span> 
     </span>
     <span class='ocr_line' id='line_1_32' title="bbox 96 2861 1053 2942; baseline -0.003 -20"><span class='ocrx_word' id='word_1_252' title='bbox 96 2864 213 2940; x_wconf 90' lang='lat' dir='ltr'><strong>saepius</strong></span> <span class='ocrx_word' id='word_1_253' title='bbox 230 2880 386 2942; x_wconf 87' lang='lat' dir='ltr'><strong>nosquam</strong></span> <span class='ocrx_word' id='word_1_254' title='bbox 401 2864 524 2926; x_wconf 89' lang='lat' dir='ltr'><strong>deorum</strong></span> <span class='ocrx_word' id='word_1_255' title='bbox 539 2865 737 2923; x_wconf 85' lang='lat' dir='ltr'><strong>invocantium</strong></span> <span class='ocrx_word' id='word_1_256' title='bbox 753 2880 853 2938; x_wconf 85' lang='lat' dir='ltr'><strong>opem:</strong></span> <span class='ocrx_word' id='word_1_257' title='bbox 870 2879 924 2920; x_wconf 88' lang='lat' dir='ltr'><strong>nos</strong></span> <span class='ocrx_word' id='word_1_258' title='bbox 938 2861 987 2920; x_wconf 91' lang='lat' dir='ltr'><strong>hic</strong></span> <span class='ocrx_word' id='word_1_259' title='bbox 1001 2878 1053 2938; x_wconf 89' lang='lat' dir='ltr'><strong>pc·</strong></span> 
     </span>
     <span class='ocr_line' id='line_1_33' title="bbox 97 2942 1052 3023; baseline -0.005 -17"><span class='ocrx_word' id='word_1_260' title='bbox 97 2962 201 3006; x_wconf 92' lang='lat' dir='ltr'><strong>corum</strong></span> <span class='ocrx_word' id='word_1_261' title='bbox 213 2945 300 3005; x_wconf 92' lang='lat' dir='ltr'><strong>modo</strong></span> <span class='ocrx_word' id='word_1_262' title='bbox 316 2964 370 3023; x_wconf 92' lang='lat' dir='ltr'><strong>per</strong></span> <span class='ocrx_word' id='word_1_263' title='bbox 385 2947 509 3009; x_wconf 88' lang='lat' dir='ltr'><strong>aestivos</strong></span> <span class='ocrx_word' id='word_1_264' title='bbox 520 2944 612 3007; x_wconf 88' lang='lat' dir='ltr'><strong>saltus</strong></span> <span class='ocrx_word' id='word_1_265' title='bbox 623 2945 780 3022; x_wconf 89' lang='lat' dir='ltr'><strong>deviasque</strong></span> <span class='ocrx_word' id='word_1_266' title='bbox 795 2942 876 3004; x_wconf 93' lang='lat' dir='ltr'><strong>callis</strong></span> <span class='ocrx_word' id='word_1_267' title='bbox 890 2944 1052 3003; x_wconf 85' lang='lat' dir='ltr'><strong>exercitum</strong></span> 
     </span>
     <span class='ocr_line' id='line_1_34' title="bbox 97 3024 1082 3108; baseline -0.006 -19"><span class='ocrx_word' id='word_1_268' title='bbox 97 3027 230 3088; x_wconf 90' lang='lat' dir='ltr'><strong>ducimus</strong></span> <span class='ocrx_word' id='word_1_269' title='bbox 236 3027 347 3087; x_wconf 89' lang='lat' dir='ltr'><strong>conditi</strong></span> <span class='ocrx_word' id='word_1_270' title='bbox 360 3026 487 3088; x_wconf 91' lang='lat' dir='ltr'><strong>nubibus</strong></span> <span class='ocrx_word' id='word_1_271' title='bbox 497 3027 642 3108; x_wconf 88' lang='lat' dir='ltr'><strong>silvisque.</strong></span> <span class='ocrx_word' id='word_1_272' title='bbox 670 3029 695 3086; x_wconf 94' lang='lat' dir='ltr'><strong>si</strong></span> <span class='ocrx_word' id='word_1_273' title='bbox 706 3027 763 3086; x_wconf 88' lang='lat' dir='ltr'><strong>hoc</strong></span> <span class='ocrx_word' id='word_1_274' title='bbox 774 3025 861 3085; x_wconf 90' lang='lat' dir='ltr'><strong>modo</strong></span> <span class='ocrx_word' id='word_1_275' title='bbox 868 3024 1053 3104; x_wconf 88' lang='lat' dir='ltr'><strong>peragrando</strong></span> <span class='ocrx_word' id='word_1_276' title='bbox 1065 3031 1082 3083; x_wconf 78' lang='grc'>9</span> 
     </span>
     <span class='ocr_line' id='line_1_35' title="bbox 96 3106 1055 3190; baseline -0.004 -18"><span class='ocrx_word' id='word_1_277' title='bbox 96 3112 250 3173; x_wconf 85' lang='lat' dir='ltr'><strong>eacumina</strong></span> <span class='ocrx_word' id='word_1_278' title='bbox 264 3109 413 3190; x_wconf 90' lang='lat' dir='ltr'><strong>saltusque</strong></span> <span class='ocrx_word' id='word_1_279' title='bbox 424 3111 462 3171; x_wconf 91' lang='grc' dir='ltr'><strong>Μ.</strong></span> <span class='ocrx_word' id='word_1_280' title='bbox 475 3113 581 3172; x_wconf 82' lang='lat' dir='ltr'><strong>Furius</strong></span> <span class='ocrx_word' id='word_1_281' title='bbox 596 3111 731 3189; x_wconf 88' lang='lat' dir='ltr'><strong>recipere</strong></span> <span class='ocrx_word' id='word_1_282' title='bbox 746 3128 763 3170; x_wconf 95' lang='lat' dir='ltr'><strong>a</strong></span> <span class='ocrx_word' id='word_1_283' title='bbox 778 3108 867 3171; x_wconf 86' lang='lat' dir='ltr'><strong>Gallis</strong></span> <span class='ocrx_word' id='word_1_284' title='bbox 881 3106 987 3168; x_wconf 88' lang='lat' dir='ltr'><strong>urbem</strong></span> <span class='ocrx_word' id='word_1_285' title='bbox 1004 3127 1055 3168; x_wconf 84' lang='lat' dir='ltr'><strong>ro·</strong></span> 
     </span>
     <span class='ocr_line' id='line_1_36' title="bbox 96 3191 1054 3275; baseline -0.006 -20"><span class='ocrx_word' id='word_1_286' title='bbox 96 3193 211 3266; x_wconf 88' lang='lat' dir='ltr'><strong>luisset,</strong></span> <span class='ocrx_word' id='word_1_287' title='bbox 234 3213 293 3275; x_wconf 92' lang='lat' dir='ltr'><strong>quo</strong></span> <span class='ocrx_word' id='word_1_288' title='bbox 309 3194 358 3255; x_wconf 94' lang='lat' dir='ltr'><strong>hic</strong></span> <span class='ocrx_word' id='word_1_289' title='bbox 373 3213 465 3255; x_wconf 82' lang='lat' dir='ltr'><strong>novus</strong></span> <span class='ocrx_word' id='word_1_290' title='bbox 481 3192 632 3263; x_wconf 87' lang='lat' dir='ltr'><strong>Camillus,</strong></span> <span class='ocrx_word' id='word_1_291' title='bbox 656 3192 742 3252; x_wconf 89' lang='lat' dir='ltr'><strong>nobis</strong></span> <span class='ocrx_word' id='word_1_292' title='bbox 764 3192 889 3252; x_wconf 89' lang='lat' dir='ltr'><strong>dictator</strong></span> <span class='ocrx_word' id='word_1_293' title='bbox 904 3191 1009 3251; x_wconf 89' lang='lat' dir='ltr'><strong>unicus</strong></span> <span class='ocrx_word' id='word_1_294' title='bbox 1022 3193 1054 3249; x_wconf 91' lang='lat' dir='ltr'><strong>in</strong></span> 
     </span>
     <span class='ocr_line' id='line_1_37' title="bbox 96 3273 1055 3360; baseline -0.006 -22"><span class='ocrx_word' id='word_1_295' title='bbox 96 3278 185 3341; x_wconf 85' lang='lat' dir='ltr'><strong>rebus</strong></span> <span class='ocrx_word' id='word_1_296' title='bbox 201 3279 322 3340; x_wconf 89' lang='lat' dir='ltr'><strong>adfectis</strong></span> <span class='ocrx_word' id='word_1_297' title='bbox 337 3279 499 3360; x_wconf 65' lang='lat' dir='ltr'><strong>quaesitus</strong></span> <span class='ocrx_word' id='word_1_298' title='bbox 518 3275 629 3338; x_wconf 92' lang='lat' dir='ltr'><strong>ltaliam</strong></span> <span class='ocrx_word' id='word_1_299' title='bbox 651 3275 687 3336; x_wconf 91' lang='lat' dir='ltr'><strong>ab</strong></span> <span class='ocrx_word' id='word_1_300' title='bbox 704 3273 866 3335; x_wconf 88' lang='lat' dir='ltr'><strong>Hannibale</strong></span> <span class='ocrx_word' id='word_1_301' title='bbox 877 3291 1055 3353; x_wconf 89' lang='lat' dir='ltr'><strong>recuperare</strong></span> 
     </span>
     <span class='ocr_line' id='line_1_38' title="bbox 95 3359 1096 3441; baseline -0.006 -18"><span class='ocrx_word' id='word_1_302' title='bbox 95 3370 187 3441; x_wconf 87' lang='lat' dir='ltr'><strong>parat,</strong></span> <span class='ocrx_word' id='word_1_303' title='bbox 203 3362 354 3425; x_wconf 88' lang='lat' dir='ltr'><strong>Gallorum</strong></span> <span class='ocrx_word' id='word_1_304' title='bbox 367 3364 459 3424; x_wconf 88' lang='lat' dir='ltr'><strong>Roma</strong></span> <span class='ocrx_word' id='word_1_305' title='bbox 471 3369 561 3431; x_wconf 90' lang='lat' dir='ltr'><strong>esset,</strong></span> <span class='ocrx_word' id='word_1_306' title='bbox 578 3378 666 3440; x_wconf 89' lang='lat' dir='ltr'><strong>quam</strong></span> <span class='ocrx_word' id='word_1_307' title='bbox 683 3376 787 3419; x_wconf 87' lang='lat' dir='ltr'><strong>vereor</strong></span> <span class='ocrx_word' id='word_1_308' title='bbox 806 3376 844 3418; x_wconf 93' lang='lat' dir='ltr'><strong>ne</strong></span> <span class='ocrx_word' id='word_1_309' title='bbox 860 3359 1096 3419; x_wconf 86' lang='lat' dir='ltr'><strong>siccunctan·10</strong></span> 
     </span>
     <span class='ocr_line' id='line_1_39' title="bbox 97 3442 1053 3508; baseline -0.005 -3"><span class='ocrx_word' id='word_1_310' title='bbox 97 3444 173 3506; x_wconf 90' lang='lat' dir='ltr'><strong>tibus</strong></span> <span class='ocrx_word' id='word_1_311' title='bbox 187 3447 273 3508; x_wconf 85' lang='lat' dir='ltr'><strong>nobis</strong></span> <span class='ocrx_word' id='word_1_312' title='bbox 288 3446 445 3508; x_wconf 91' lang='lat' dir='ltr'><strong>Hannibali</strong></span> <span class='ocrx_word' id='word_1_313' title='bbox 463 3464 496 3507; x_wconf 92' lang='lat' dir='ltr'><strong>ac</strong></span> <span class='ocrx_word' id='word_1_314' title='bbox 512 3445 618 3505; x_wconf 89' lang='lat' dir='ltr'><strong>Poenis</strong></span> <span class='ocrx_word' id='word_1_315' title='bbox 641 3444 748 3504; x_wconf 89' lang='lat' dir='ltr'><strong>totiens</strong></span> <span class='ocrx_word' id='word_1_316' title='bbox 766 3442 946 3504; x_wconf 82' lang='lat' dir='ltr'><strong>servaverint</strong></span> <span class='ocrx_word' id='word_1_317' title='bbox 963 3443 1053 3502; x_wconf 90' lang='lat' dir='ltr'><strong>maio·</strong></span> 
     </span>
    </p>
   </div>
   <div class='ocr_carea' id='block_1_3' title="bbox 137 3530 852 3600">
    <p class='ocr_par' dir='ltr' id='par_1_4' title="bbox 137 3530 852 3600">
     <span class='ocr_line' id='line_1_40' title="bbox 137 3530 852 3600; baseline -0.007 -4"><span class='ocrx_word' id='word_1_318' title='bbox 137 3560 164 3597; x_wconf 86' lang='lat' dir='ltr'><strong>r.</strong></span> <span class='ocrx_word' id='word_1_319' title='bbox 183 3561 244 3598; x_wconf 78' lang='lat' dir='ltr'><strong>nrvr</strong></span> <span class='ocrx_word' id='word_1_320' title='bbox 262 3563 331 3598; x_wconf 74' lang='lat' dir='ltr'><strong>rans</strong></span> <span class='ocrx_word' id='word_1_321' title='bbox 351 3564 384 3600; x_wconf 85' lang='lat'><strong>11.</strong></span> <span class='ocrx_word' id='word_1_322' title='bbox 814 3530 852 3592; x_wconf 79' lang='lat'><strong>18</strong></span> 
     </span>
    </p>
   </div>
   <div class='ocr_carea' id='block_1_4' title="bbox 0 0 1294 4067">
    <p class='ocr_par' dir='ltr' id='par_1_5' title="bbox 0 0 1294 4067">
     <span class='ocr_line' id='line_1_41' title="bbox 0 0 1294 4067; baseline 0 0"><span class='ocrx_word' id='word_1_323' title='bbox 0 0 1294 4067; x_wconf 95' lang='lat' dir='ltr'><strong> </strong></span> 
     </span>
    </p>
   </div>
  </div>
 </body>
</html>
