2575 4067
138 222 143 233 Ι
247 273 338 315 arara
353 275 441 319 xxrrr.
458 275 524 317 oar.
538 262 581 317 to.
596 263 639 315 20.
657 254 697 337 [a.
709 259 744 319 u.
759 256 821 339 216]
971 260 1033 323 339

78 421 193 483 herbidi
220 424 330 482 terreni
353 430 435 482 extra
456 439 573 483 murum
599 433 678 493 erat,
700 439 838 501 raporum
859 440 960 485 semen
988 424 1032 483 in·

78 510 224 576 iecerunt,
240 514 273 566 ut
283 503 427 566 Hannibal
446 522 546 575 „eone
560 523 667 585 usque,
685 505 800 566 dumea
815 518 983 577 nascantur,
996 508 1033 568 ad

18 587 20 590 ’
78 587 236 652 Casilinum
249 605 384 650 sessurus
397 589 507 648 sumi“
536 587 728 656 exclamaret:
745 597 775 648 et
791 589 841 667 qul
855 589 964 650 nullam
980 608 1031 649 an·
1043 596 1077 647 td

78 683 124 733 tea
139 674 305 751 pactionem
322 670 441 733 auribus
456 671 627 741 admiserat,
654 680 716 733 tum
732 671 850 732 demum
872 674 920 750 agi
934 690 1034 732 secum

78 763 122 817 est
135 773 239 835 passus
254 755 291 815 de
312 754 515 834 redemptione
530 754 693 816 liberorum
710 757 848 834 capitum.
877 765 1033 835 septunces
1046 761 1078 813 itt

78 841 141 899 auri
153 841 184 898 in
196 836 328 916 singulos
337 839 466 916 pretium
481 840 627 900 convenit.
654 838 712 899 lide
724 845 844 918 accepta
852 839 1037 900 tradiderunt

78 940 153 986 sese.
179 921 274 981 donec
286 938 374 981 omne
385 939 488 981 aurum
500 921 683 1002 persolutum
696 931 748 993 est,
760 923 790 981 in
801 920 923 982 vinculis
934 921 1035 989 babiti,

75 1015 142 1064 tum
165 1006 280 1081 remissi
303 1022 417 1065 summa
439 1022 505 1066 cum
529 1004 595 1065 lide.
636 1005 667 1065 id
689 1006 786 1065 verius
816 1014 860 1065 est
882 1023 969 1085 quam
998 1002 1034 1063 ab
1048 1009 1078 1059 lt

80 1089 177 1167 equite
189 1089 220 1146 in
232 1085 367 1148 abeuntis
377 1089 499 1148 inmisso
509 1089 691 1149 interiectos.
716 1089 898 1150 Praenestini
910 1088 1036 1148 maxima

79 1177 149 1251 par's
170 1170 263 1231 iuere.
300 1189 335 1230 ex
356 1172 522 1250 qulngentis
541 1173 739 1250 septuaginta,
769 1173 819 1250 qui
839 1173 870 1231 in
889 1171 1037 1250 praesidio

80 1256 213 1324 luerunt,
229 1255 326 1314 minus
339 1253 489 1314 dimidium
504 1253 617 1315 ierrum
628 1255 779 1334 famesque
796 1254 973 1335 absumpsit;
989 1272 1037 1314 ce·

81 1339 138 1399 teri
155 1335 318 1397 incolumes
331 1337 489 1398 Praeneste
506 1355 578 1397 cum
593 1347 731 1417 praetore
752 1356 804 1398 suo
826 1339 864 1400 M.
880 1339 981 1400 Anicio
997 1372 1038 1380 -

50 1496 53 1500 ’
80 1420 176 1482 scriba
193 1421 218 1481 is
229 1428 315 1480 antea
327 1420 423 1480 iuerat
436 1455 478 1465 -
491 1419 653 1481 redierunt.
683 1429 776 1483 statua
789 1423 852 1482 eius
863 1420 972 1482 indicio
983 1420 1038 1481 luit
1050 1426 1080 1475 18
1115 1425 1126 1497 J

81 1506 241 1565 Praeneste
261 1504 291 1562 in
314 1502 379 1562 loro
399 1511 522 1573 statuta,
545 1502 680 1575 loricata,
707 1506 813 1566 amicta
842 1517 923 1583 toga,
944 1503 1038 1565 velato

82 1589 177 1666 capite
193 1586 238 1667 [et
252 1589 308 1646 tria
325 1585 422 1667 signa]
444 1604 510 1648 cum
526 1586 610 1648 titulo
628 1587 744 1649 lamnae
760 1606 869 1648 aeneae
886 1589 1037 1666 inscripto,

80 1668 125 1734 Μ.
139 1672 273 1731 Anicium
287 1688 342 1748 pro
354 1669 504 1742 militibus,
520 1672 569 1750 qui
584 1670 703 1732 Casilini
716 1672 746 1730 in
758 1671 907 1750 praesidio
920 1672 1038 1741 luerint,

84 1762 180 1814 votum
193 1751 321 1814 solvisse.
346 1753 424 1812 idein
437 1753 538 1814 titulus
549 1754 644 1814 tribus
659 1756 750 1832 signis
761 1756 791 1815 in
805 1754 877 1816 aede
892 1755 1039 1816 Fortunae
1124 1779 1127 1784 ·

83 1837 185 1916 positis
197 1835 253 1896 luit
266 1834 425 1895 subiectus.
470 1836 531 1896 llll.
560 1835 717 1897 Casilinum
732 1838 871 1916 oppidum
891 1839 1037 1899 redditum
1052 1842 1064 1891 l

84 1920 239 1999 Campanis
247 1925 300 1987 est,
313 1918 461 1977 firmatum
467 1914 722 1997 septingentorum
730 1921 856 1981 militurn
864 1921 900 1980 de
908 1923 1038 1981 exercitu

83 2000 253 2064 Hannibalis
276 2001 440 2080 praesidio,
466 2018 519 2071 ne,
541 2000 591 2060 ubi
612 2001 729 2061 Poenus
752 2003 821 2062 inde
843 2001 1038 2073 abscessisset,

83 2086 206 2147 Romani
229 2092 443 2164 oppugnarent.
480 2083 680 2145 Praenestinis
695 2084 835 2144 militibus
850 2095 967 2146 senatus
981 2086 1039 2145 llo·
1052 2092 1068 2138 2

82 2187 187 2230 manus
203 2166 312 2247 duplex
327 2166 504 2247 stipendium
526 2176 554 2226 et
580 2169 762 2246 quinquenni
778 2166 900 2227 militiae
914 2170 1039 2228 vacatio-

83 2270 152 2313 nem
168 2250 305 2324 decrerit.
335 2252 448 2311 civitate
465 2268 531 2311 cum
547 2250 730 2310 donarentur
745 2250 783 2310 ob
805 2251 959 2319 virtutem,
982 2268 1041 2310 non

83 2343 278 2397 mutaverunt.
310 2334 519 2394 Perusinorum
538 2352 621 2394 casus
637 2333 792 2394 obscurior
806 2333 883 2395 lama
899 2343 956 2404 est,
973 2334 1069 2412 quiea

84 2437 139 2480 nec
153 2419 284 2497 ipsorum
303 2428 494 2478 monumento
510 2416 570 2477 ullo
592 2424 637 2477 est
656 2416 828 2477 inlustratus
849 2434 905 2476 nee
921 2415 1039 2476 decreto

85 2504 293 2563 Romanorum.

148 2585 258 2645 Eodem
279 2592 412 2663 tempore
435 2583 596 2654 Petelinos,
617 2586 667 2664 qui
693 2586 742 2644 uni
759 2603 794 2645 ex
811 2584 934 2646 Bruttiis
958 2590 1067 2644 man-t
1115 2589 1122 2601 ·

84 2678 185 2729 serant
210 2671 242 2727 in
262 2670 388 2729 amicitia
409 2667 555 2739 Romana,
582 2687 640 2729 non
664 2669 919 2747 Carthaginienses
942 2667 1040 2742 modo,
1126 2740 1129 2747 Ι

85 2755 135 2831 qui
146 2753 297 2828 regionem
313 2750 499 2823 obtinebant,
517 2751 568 2811 sed
584 2753 680 2814 Brutti
699 2772 815 2832 quoque
833 2753 924 2813 ceteri
939 2750 976 2811 ob
994 2770 1040 2811 se·

85 2842 187 2912 parata
205 2832 241 2891 ab
255 2850 286 2892 se
302 2833 422 2894 consiba
442 2834 660 2912 oppugnabant.
690 2835 796 2913 quibus
814 2854 880 2895 curn
899 2834 1066 2894 obsisteres

86 2913 170 2975 malis
190 2914 504 2992 nequirent·Petelini,
527 2914 638 2992 legatos
662 2916 786 2975 Romam
804 2916 839 2975 ad
863 2915 1041 2993 praesidium

86 2997 250 3079 petendum·
267 2998 418 3057 miserunt.
456 3015 582 3076 quorum
602 3014 707 3077 preces
730 2997 926 3076 lacrimaeque
948 2999 1041 3055 -in

86 3089 206 3163 questus
232 3080 310 3140 enim
338 3078 465 3151 flebiles,
494 3097 560 3140 cum
581 3081 700 3141 sibimet
719 3081 777 3160 ipsi
798 3079 951 3140 consulere
972 3080 1041 3138 iussi

55 3200 59 3207 -
86 3173 169 3237 sunt,
197 3181 262 3224 sese
283 3165 314 3223 in
331 3162 474 3223 vestibulo
491 3165 589 3225 curiae
604 3163 801 3245 profuderunt
825 3197 866 3207 -
891 3163 1042 3240 ingentem
1106 3168 1110 3177 '

87 3247 320 3312 misericordiam
337 3245 470 3327 patribus
487 3264 520 3306 ac
536 3246 651 3327 populo,
663 3255 828 3308 moverunt.
858 3243 1069 3323 consultiqueo

87 3337 194 3395 iterum
211 3351 226 3392 a
242 3332 279 3392 bl.
293 3330 415 3393 Aemilio
433 3338 570 3409 praetore
586 3340 685 3411 patres
707 3330 927 3407 circumspectis
947 3328 1041 3387 omni·

88 3417 142 3477 bus
155 3417 271 3496 imperii
291 3408 401 3476 uiribus
420 3415 506 3475 lateri
527 3416 619 3475 coacti
640 3413 713 3473 nihil
728 3415 786 3473 iam
808 3410 976 3492 longinquis
995 3429 1041 3471 so·

89 3501 140 3559 ciis
154 3502 184 3559 in
201 3518 232 3560 se
247 3498 386 3579 praesidii
398 3517 471 3568 esse,
490 3498 591 3559 redire
602 3497 721 3558 domum
730 3496 846 3576 fideque
860 3495 898 3558 ad
908 3496 1041 3558 ultimum

604 3577 610 3585 ’
778 3581 842 3646 22*
