2575 4067
317 202 410 244 nmnn
423 204 487 244 m.
504 202 571 245 cnr.
587 192 631 246 53.
643 191 688 246 54.
708 183 747 265 [e.
763 185 798 247 0.
812 181 874 264 218]
1012 189 1075 253 ite

115 350 192 430 poti.
215 349 268 410 sed
283 348 345 410 scio
360 350 457 428 patrio
472 357 624 430 terraque,
647 351 679 411 in
694 368 751 429 qua
765 351 856 428 geniti
870 351 981 421 terent,
1004 350 1074 431 peili

115 434 273 496 Romanos.
301 480 319 503 „
327 441 467 513 quantum
484 434 681 511 ingemiscant
688 441 706 466 ‘⁴
727 434 823 511 inquit
842 442 965 513 „patres
981 436 1101 496 nostrit

115 517 193 577 circa
219 517 335 577 moenia
357 516 541 595 Carthaginis
565 515 678 578 bellare
703 514 796 585 soliti,
823 517 848 576 si
871 517 988 579 videant
1008 536 1071 590 nos,

113 601 287 679 progeniem
309 618 407 670 suam,
434 601 507 661 duos
523 599 659 662 consules
680 598 907 679 consularesque
928 603 1073 662 exercitus

113 684 144 743 in
159 682 257 744 media
270 682 351 744 italia
371 686 503 762 paventis
522 683 600 745 intra
616 691 726 755 castra,
748 683 879 745 Poenum
894 682 973 764 quod
995 686 1073 745 inter

114 765 194 846 nipts
205 767 450 847 Apenninumque
467 767 530 845 agri
544 769 581 828 sit
596 786 668 829 suae
686 768 810 829 dicionIs
828 768 978 829 iecissc²“
1001 768 1101 830 haece

113 849 251 911 adsidens
267 868 356 929 aegro
372 850 528 928 conlegae,
549 851 623 912 bae'c
637 852 669 912 in
683 852 832 931 praetorio
850 869 944 931 prope
959 853 1071 913 conbo-

114 933 269 995 nabundus
286 952 383 1012 agere.
419 932 586 996 stimulabat
601 944 631 996 et
650 942 766 1015 tempus
788 935 965 1014 propincum
980 936 1071 996 comi·

115 1017 237 1088 tiorum,
253 1035 291 1078 ne
302 1019 333 1078 in
345 1035 436 1079 novos
447 1016 582 1080 consedes
593 1017 703 1079 beilum
716 1019 898 1088 differretur,
914 1024 944 1079 et
955 1020 1071 1080 occasio

113 1101 145 1160 in
166 1118 197 1161 se
221 1119 312 1162 unum
337 1101 494 1163 vertendae
516 1101 640 1179 gloriae,
666 1101 736 1163 dum
757 1119 846 1180 aeger
865 1100 975 1180 collega
998 1111 1071 1163 erat.

113 1184 212 1263 itaque
226 1185 403 1265 nequiquam
420 1184 610 1246 dissentiente
627 1184 763 1246 Cornelio
778 1186 877 1265 parari
892 1185 928 1246 ad
949 1186 1097 1265 propin-'t

113 1284 180 1328 cum
196 1276 346 1329 certamen
361 1267 468 1329 milites
480 1267 570 1329 iubet.

176 1351 320 1413 Hannibal
331 1370 413 1421 cum,
426 1351 495 1431 quid
508 1353 651 1431 optimum
663 1351 740 1413 ioret
752 1349 844 1421 hosti,
861 1361 1014 1430 cerneret,
1024 1354 1072 1413 rix

111 1433 200 1495 ullam
226 1453 309 1514 spem
335 1433 462 1499 habebat
490 1442 603 1496 temere
624 1442 712 1514 atque
737 1435 892 1514 inprovide
915 1436 1071 1516 quicquam

112 1517 249 1579 consules
275 1526 408 1587 acturcs;
440 1536 508 1579 cum
533 1518 654 1579 alterius
679 1518 844 1598 ingenium,
873 1517 951 1580 lema
978 1520 1099 1598 priuse

112 1601 218 1663 deinde
232 1620 266 1663 re
280 1602 445 1679 cognitum,
467 1603 612 1680 percitum
626 1619 662 1662 ao
682 1602 765 1663 icrox
782 1602 872 1665 sciret
888 1612 967 1674 esse,
993 1602 1071 1663 iero·

112 1686 232 1764 eiusque
247 1685 353 1746 iactum
369 1702 512 1765 prospero
522 1703 589 1747 cum
600 1681 824 1765 praedatoribus
834 1688 895 1748 suis
910 1688 1072 1749 certamine

112 1767 261 1838 crederet,
286 1768 387 1830 adesse
409 1768 556 1847 gerendae
575 1771 619 1830 rei
639 1768 788 1831 fortunam
809 1770 887 1841 haud
910 1770 1070 1832 diffidebat

112 1852 194 1912 cuius
209 1870 248 1913 ne
263 1852 341 1931 quod
353 1853 602 1931 praetermitteret
616 1860 749 1930 tempus,
769 1852 911 1915 sollicitus
927 1856 1100 1917 intentus-e

111 1953 168 2015 que
186 1945 263 2007 orat,
286 1936 356 1996 dum
377 1936 434 1996 tiro
453 1935 580 1996 hostium
605 1934 693 1997 miles
715 1943 806 2005 esset,
830 1936 899 1997 dum
916 1937 1070 1998 meliorem

112 2036 148 2079 ex
163 2018 287 2081 ducibus
306 2018 440 2080 inutilem
453 2017 557 2079 vulnus
575 2018 700 2088 iaceret,
722 2018 792 2079 dum
807 2018 958 2081 Gallorum
978 2021 1069 2080 animi
1079 2025 1112 2078 to

111 2102 258 2181 vigerent,
278 2121 404 2183 quornm
420 2103 570 2180 ingentem
587 2099 806 2164 multitudinem
821 2100 932 2163 sciebat
952 2104 1071 2180 segnius

111 2194 290 2257 secuturam,
306 2193 415 2266 quante
429 2183 545 2264 longius
558 2184 596 2249 eb
613 2186 700 2248 domo
719 2185 917 2247 traherentur.
948 2203 1015 2245 cum
1030 2185 1067 2245 ob
1082 2190 1110 2244 il

79 2328 82 2333 ,
111 2268 184 2330 baec
197 2268 323 2349 taliaque
339 2277 473 2348 speraret
490 2272 669 2348 propincum
691 2277 840 2331 certamen
861 2275 891 2329 et
911 2268 1024 2340 iacere,
1046 2269 1071 2328 si

64 2363 66 2367 ’
112 2361 285 2423 cessaretur,
298 2359 420 2432 cuperet
431 2356 689 2434 speculatoresque
699 2351 781 2422 Galli,
792 2351 829 2412 ad
839 2371 873 2414 ea
881 2351 1069 2432 exploranda,

112 2452 186 2515 quae
207 2435 305 2508 veliet,
332 2437 471 2511 tutiores,
495 2441 563 2518 quia
583 2440 615 2499 in
630 2439 764 2517 numque
778 2438 881 2498 castris
896 2434 1068 2506 militabant,

111 2528 229 2599 paratos
247 2538 363 2599 pugnae
381 2539 447 2585 esse
462 2523 609 2585 Romanos
623 2520 821 2591 rettuliment,
842 2520 939 2581 iocum
956 2519 1070 2582 insidiis

112 2605 358 2683 circumspectare
374 2609 490 2670 Poenus
504 2608 610 2687 coepit.
654 2605 723 2666 LiV.
755 2605 825 2668 Erat
838 2606 870 2666 in
879 2604 976 2666 modio
989 2606 1069 2666 rivus
1082 2610 1114 2677 1,

111 2685 248 2764 praealtis
266 2691 414 2770 utrimque
436 2690 551 2753 clausus
568 2691 639 2771 ripis
655 2698 685 2752 et
700 2690 779 2751 circa
800 2687 911 2750 obsitus
932 2688 1069 2768 palustri·

111 2767 167 2828 bus
185 2768 287 2830 herbis
301 2782 344 2844 et,
366 2773 471 2853 quibus
490 2774 600 2836 inculta
621 2773 716 2834 terme
736 2774 916 2840 vestiuntur,
937 2770 1069 2850 virgultis

112 2849 319 2933 sepribmque.
345 2874 433 2936 quern
446 2857 498 2918 ubi
512 2857 624 2937 equites
638 2872 755 2933 quoque
770 2854 896 2930 tegendo
913 2853 983 2913 satis
997 2852 1069 2913 iate·

113 2932 235 2992 brosum
249 2931 348 2997 locum
364 2940 575 3001 circumvectus
588 2940 653 3018 ipse
671 2935 763 2998 oculis
777 2933 978 3014 perlustravit,
996 2935 1070 3004 „hie

114 3015 171 3075 erit
183 3013 291 3080 locus“
319 3020 436 3100 diagoni
449 3023 534 3083 tratri
547 3024 600 3088 ait,
615 3038 730 3101 „quem
745 3027 854 3081 teneas.
888 3016 983 3096 delige
998 3025 1094 3078 cen-2

113 3106 199 3164 tenos
218 3104 296 3163 viros
312 3106 443 3165 exomni
463 3105 561 3182 pedite
580 3111 667 3183 atque
683 3104 793 3182 equite,
817 3120 885 3164 oum
907 3100 1014 3181 qulbus
1033 3100 1069 3161 ad
1189 3135 1193 3141 ·

113 3203 162 3247 me
172 3186 269 3266 vigilie
280 3189 377 3266 prima
388 3189 501 3256 veniam
516 3205 595 3248 nunc
607 3204 732 3266 corpora
747 3204 851 3248 curare
867 3194 982 3265 tempus
995 3192 1070 3247 est.“
1118 3240 1130 3246 ..

112 3270 152 3331 lta
172 3273 355 3350 praetorium
375 3272 506 3333 missum.
537 3288 606 3331 mox
625 3287 693 3331 cum
715 3267 836 3330 deiectis
852 3269 938 3347 biago
958 3269 1097 3331 aderato

113 3353 247 3423 „robora
257 3358 388 3418 virorum
400 3364 511 3416 cerno“
528 3355 622 3434 inquit
632 3351 792 3421 ilanrtibal;
807 3352 881 3424 „sed
891 3353 935 3414 uti
945 3370 1069 3415 numero
1176 3358 1179 3362 ’

113 3437 216 3510 ctiam,
229 3458 289 3501 non
301 3441 405 3501 animis
418 3440 507 3501 modo
516 3438 649 3504 valeatis.
666 3435 788 3515 singuiis
798 3436 880 3498 vobis
894 3454 1023 3499 novenos
1033 3454 1069 3498 ea
