2575 4067
436 216 531 258 nmen
547 216 609 259 m.
625 216 695 259 uas.
711 207 736 259 3.
752 208 777 259 t.
1019 211 1081 272 207

119 372 180 440 „et
196 338 322 443 aequum
337 361 485 507 pofflare
496 364 635 426 videtur“
648 365 743 445 inquit
755 365 958 439 „Hasdrubal
981 378 1011 430 et
1025 388 1080 449 ego

117 454 370 533 tamengqqcen
438 448 517 527 quod
539 448 851 531 petit‚t1ibuendum.“
872 470 939 512 cum
955 452 1109 515 admittet
1161 486 1175 519 ,a
1229 453 1238 465 '

122 532 204 592 tione
224 537 285 592 tam
307 516 441 610 ancipiti
462 533 624 593 sententiae
649 533 681 592 in
703 550 735 592 se
759 532 865 596 omiils
880 537 1078 610 convertisset,
1132 539 1145 585 f
1167 546 1265 593 ΓΜ)

122 614 253 685 „Herem
267 615 395 676 aetatls“
408 597 718 695 inquHasdnbal,
737 635 824 696 quem
838 619 902 697 ipse
912 620 987 698 patri
1000 620 1079 682 Hau·

122 697 229 772 nibalis
249 697 407 760 fruendum
425 698 575 779 praebuit,
601 700 678 761 iusto
697 700 761 761 iure
782 718 849 762 eum
871 720 888 762 a
907 701 965 763 illio
986 694 1081 784 rep⁹etl
1144 734 1208 907 ‘lb
1284 754 1287 765 t

1204 798 1278 857 ce:

121 790 238 851 censet:
262 799 316 843 nos
336 789 435 843 tamen
449 784 571 844 minime
585 782 670 844 decet
683 785 862 845 iuventutem
877 793 1008 848 nostram
1017 805 1079 872 [ro
1104 784 1141 865 ab

121 865 241 927 militari
252 866 419 926 rudimento
432 866 620 928 adsuefacere
632 865 746 927 libidini
760 877 938 951 [meipsum.
972 889 1009 931 an
1024 872 1107 933 hoco

121 951 272 1017 timemus,
290 967 327 1009 ne
338 949 512 1010 Hamilcaris
527 950 602 1010 filius
612 951 782 1027 nianifflc
798 944 921 1032 imperia
932 944 1079 1016 inmodica
1245 952 1257 991 l

121 1039 152 1093 et
163 1033 248 1109 regul
260 1034 516 1112 paternlspeclem
527 1033 636 1102 videat,
653 1043 696 1105 et,
714 1038 796 1095 cuius
810 1038 888 1114 regis
902 1053 1011 1114 genero
1027 1039 1078 1100 bc·
1167 1108 1170 1117 ,

121 1114 254 1176 reditarii
270 1117 329 1176 sint
341 1114 437 1176 relicti
452 1118 599 1178 exercitus
614 1120 723 1185 nostri,
739 1120 802 1179 eius
817 1119 876 1179 lilio
890 1137 995 1199 parum
1014 1139 1076 1182 ma·
1123 1142 1153 1185 ‘f'
1216 1164 1237 1197 p.
1271 1182 1282 1207 ἡ

98 1207 194 1343 qaue
204 1200 383 1260 serviamus?
415 1218 469 1278 ego
485 1202 573 1261 istum
587 1202 723 1263 iuvenem
738 1202 818 1263 domi
834 1188 1076 1274 tenend’un’ssfib
1128 1220 1136 1231 ·
1160 1224 1193 1251 ,c

132 1283 246 1362 egibus,
275 1282 329 1344 sub
358 1282 576 1362 magistratibus
596 1284 880 1367 docendumfflere
900 1305 993 1366 aequo
1013 1291 1078 1349 iure

119 1384 187 1427 cum
204 1369 310 1428 ceteris
325 1384 447 1439 censeo,
463 1385 501 1428 ne
513 1369 689 1450 quandoque
701 1370 1076 1514 wincen·
1152 1392 1158 1405 ’
1229 1412 1241 1449 p

119 1450 169 1512 diu
260 1467 332 1530 gens
349 1452 537 1513 exsuscitet.“
584 1453 632 1514 lv.
666 1454 744 1516 Pauo
776 1472 811 1515 ac
848 1472 930 1516 erma
951 1458 1102 1535 optimust
1175 1455 1206 1475 ‘²

118 1537 183 1614 quis
225 1534 401 1613 eHannonl
424 1534 677 1606 adsentiebantur:
700 1538 766 1607 sed,
789 1545 822 1599 ut
835 1538 1009 1619 plerumque
1034 1539 1066 1600 fit
1254 1546 1268 1619 ᾗ

119 1620 214 1680 maior
226 1636 295 1697 pars
310 1618 463 1680 mellonem
477 1620 554 1681 vicit.
1263 1630 1283 1677 o

181 1702 286 1763 Missus
306 1701 450 1762 Hannibal
472 1704 503 1764 in
526 1704 694 1785 Hispaniam
713 1706 809 1785 primo
830 1709 927 1766 statim
950 1705 1075 1766 advenu

110 1794 236 1846 'omnem
259 1787 419 1847 exercitum
439 1787 471 1846 in
492 1804 524 1848 se
544 1791 701 1850 convertit:
723 1788 919 1851 Hamilcarem
939 1792 1104 1850 iuvenema

119 1868 264 1930 redditum
282 1868 338 1931 sibi
349 1877 464 1949 volenes
479 1870 586 1932 milltes
601 1858 739 1943 creddre,
756 1873 882 1933 eundem
898 1875 1028 1951 sigonem
1043 1875 1074 1933 ln

116 1952 319 2033 vultuvimque
329 1948 614 2024 inoculid'babitum
628 1956 689 2016 oris
705 1955 939 2034 lineamentaque
955 1956 1073 2018 intueri.

116 2037 185 2099 dein
199 2036 283 2098 brevi
298 2037 409 2107 effecit,
431 2045 464 2098 ut
478 2045 563 2117 pater
579 2039 612 2098 in
626 2055 659 2098 se
673 2039 827 2099 minimum
840 2047 1022 2120 mmai-emim
1037 2039 1073 2099 ad
1103 2076 1135 2105 „
1186 2072 1191 2089 ι

116 2121 244 2183 favorem
259 2119 475 2184 conciliandum
486 2129 572 2183 esset.
605 2140 765 2201 numquam
779 2122 931 2198 ingenium
947 2122 1025 2182 idem
1038 2122 1101 2182 ada
1165 2110 1224 2199 bs
1258 2190 1268 2207 ¹

114 2222 163 2266 res
179 2204 403 2276 diversissimas,
426 2204 590 2284 parendum
606 2213 693 2283 atque
706 2205 924 2283 imperandum,
949 2203 1073 2265 habilius

114 2287 178 2348 luit.
207 2288 305 2369 itaque
319 2288 398 2352 baud
412 2288 499 2349 facile
513 2289 715 2367 dbcernerqs,
735 2297 834 2350 utrum
848 2289 1019 2367 imperatori
1035 2304 1072 2347 an

116 2372 255 2434 exercitui
266 2373 361 2434 carior
378 2379 471 2434 esset:
502 2390 598 2452 neque
613 2356 778 2434 Hasdrubal
792 2371 881 2434 alium
896 2381 1098 2451 quemquamt

32 2464 65 2539 ᾗ]
114 2454 274 2534 praeficere
295 2455 397 2539 malle,
425 2455 476 2517 ubi
497 2456 568 2537 quid
587 2456 703 2517 sortitor
725 2473 759 2517 ac
786 2464 905 2517 strenue
926 2454 1072 2547 agendum
1160 2470 1232 2535 ξφ
1271 2514 1273 2525 ,

25 2542 47 2610 „i
114 2547 204 2611 esset,
226 2558 323 2619 neque
337 2539 445 2602 milites
462 2539 519 2601 alio
536 2541 611 2601 duce
633 2539 700 2619 plus
716 2530 866 2601 conlide'ie
881 2546 931 2601 aut
952 2539 1070 2601 audere.
1162 2534 1164 2541 ’
1189 2548 1193 2557 ’

16 2624 37 2721 ξ
110 2623 272 2723 pltqqimum
285 2622 425 2683 audaciae
437 2622 473 2682 ad
486 2620 619 2700 pericula
625 2621 816 2701 capessenda,
827 2621 989 2701 plurimum
1005 2639 1076 2681 con·

7 2724 31 2780 :o
111 2707 167 2767 siln
182 2715 260 2767 mter
274 2709 340 2784 ipsa
355 2705 487 2786 pericula
503 2714 575 2767 erat.
606 2705 687 2768 nullo
702 2705 803 2767 labore
819 2712 869 2767 aut
884 2722 993 2785 corpus
1007 2705 1074 2766 iati-
1089 2714 1105 2763 5

11 2774 30 2811 ‘²
112 2791 177 2867 gari
192 2797 242 2848 aut
257 2792 373 2849 animus
383 2791 460 2850 vinci
475 2796 599 2870 poterat.
630 2791 737 2851 calonis
752 2809 786 2851 ao
801 2791 919 2867 frigoris
933 2792 1075 2867 patientia
1090 2799 1106 2846 a

114 2890 182 2950 par;
209 2870 268 2931 cibi
292 2873 477 2952 potionisque
505 2874 653 2935 desiderio
676 2874 816 2939 naturali,
844 2892 902 2936 nou
929 2873 1078 2948 voluptate

116 2955 220 3017 modus
234 2954 351 3025 flnitus3
367 2958 530 3033 vigiliarum
546 2960 702 3037 somnique
714 2975 770 3017 nec
784 2956 831 3015 die
847 2973 902 3015 nec
917 2962 1003 3014 nocte
1019 2953 1077 3013 dis·

114 3041 270 3101 criminata
290 3047 437 3116 tempora:
458 3040 503 3110 id,
525 3047 603 3122 quod
625 3042 764 3121 gerendis
785 3038 876 3101 cobus
896 3047 1074 3117 superesset,
1091 3059 1106 3108 ⁷

115 3126 209 3205 quieti
225 3123 326 3185 datum
335 3145 344 3198 ;
361 3142 394 3184 ea
407 3142 506 3205 neque
521 3127 601 3187 molli
616 3137 708 3188 strato
725 3143 822 3205 neque
843 3125 960 3185 silentio
975 3140 1074 3184 accer-

114 3213 183 3281 sita}
205 3207 292 3271 multi
314 3225 403 3288 saepe
418 3208 539 3270 militari
560 3209 663 3288 sagulo
678 3216 814 3289 opertum
830 3208 911 3269 bumi
932 3209 1075 3268 iacentem

114 3297 193 3357 inter
220 3295 368 3357 custodias
388 3294 590 3374 stationesque
610 3293 955 3379 milituqconspexerunt.
991 3291 1106 3352 vesti-e

117 3389 162 3441 tus
178 3379 251 3442 nihil
266 3381 345 3441 inter
357 3377 496 3458 aequales
507 3377 669 3450 excellens3
686 3395 767 3440 arma
779 3386 865 3457 atque
877 3377 944 3457 equi
959 3377 1075 3456 conspi-

117 3464 280 3527 ciebantur.
312 3467 444 3546 equitum
460 3466 655 3547 peditumque
669 3464 747 3525 idem
768 3463 857 3542 longe
871 3462 983 3543 primus
999 3470 1073 3527 erat.
