2575 4067
189 194 193 199 ¹
239 204 300 265 222
423 216 517 259 arnna
528 217 593 260 xxr.
610 215 679 259 oen.
694 204 738 261 21.
754 205 797 258 22.
813 195 854 277 [a.
864 217 895 260 n.
911 217 938 260 o.
949 197 1011 277 536]

240 362 329 424 Cadls
348 362 499 442 proiectus
510 362 630 424 Herculi
645 370 711 424 rota
725 362 862 432 exsolvit,
880 363 1020 442 novisque
1039 380 1072 424 se
1091 362 1232 444 obligat

198 447 329 516 rovotu,
350 447 376 507 sl
394 455 492 508 cetera
510 464 653 526 prospera
673 449 847 508 evenissent
876 445 946 507 inde
965 447 1102 526 partiens
1120 465 1231 509 curas

239 528 327 591 simul
347 532 383 590 air
402 528 592 591 inferendum
611 537 699 609 atque
717 529 878 590 arcendum
898 528 1023 600 bellum,
1050 547 1108 600 ue,
1137 531 1227 593 dum

239 615 303 692 ipse
330 614 465 675 terrestri
491 630 546 692 per
564 613 735 692 lllspanlam
764 611 930 692 Galliasque
954 613 1061 673 itinere
1085 613 1226 675 ltaliam

238 703 368 776 peteret,
389 695 469 758 nuda
488 702 647 775 apertaque
656 697 801 780 'Romanis
817 695 916 757 Africa
935 695 972 758 ab
989 695 1089 757 Sicilia
1117 706 1223 768 esset,

198 787 229 840 ll
242 778 337 842 valido
358 778 505 860 praesidio
527 780 647 840 ilrmaro
661 797 726 840 eam
747 780 857 840 statrrh.
890 797 946 859 pro
961 797 996 840 eo
1011 778 1221 860 supplemenae

239 871 303 924 tum
324 864 388 944 ipse
413 881 450 924 ex
468 862 567 923 hirica
587 863 714 923 maxime
737 862 945 933 iaculatorum,
970 862 1077 924 levium
1101 865 1219 935 armis,

239 954 339 1091 limi
356 944 1217 1109 iilflfiulrriiidsshlrinterstitit

199 1120 231 1174 12
242 1113 325 1175 ribus
346 1112 481 1192 obIIgati,
500 1112 645 1193 stipendia
667 1113 807 1174 iacerent
845 1111 988 1173 tredecim
1007 1111 1088 1173 milia
1109 1115 1214 1174 octin·

240 1204 345 1277 gentos
360 1198 570 1277 quinquaginta
589 1195 704 1275 pedites
721 1203 866 1257 caetratos
882 1195 962 1256 misit
979 1196 1011 1256 in
1025 1195 1163 1258 Africam
1183 1205 1215 1258 et

241 1281 404 1343 funditores
415 1280 553 1343 Baleares
565 1281 751 1358 octingentos
760 1281 958 1360 septuaginta,
970 1279 1084 1359 equites
1094 1282 1214 1342 mixtos
1281 1264 1282 1327 l

199 1372 280 1426 tter
302 1364 402 1426 multis
427 1363 565 1442 gentibus
592 1362 673 1424 mille
693 1362 843 1423 ducentos.
891 1360 945 1422 has
968 1364 1068 1442 copias
1092 1365 1212 1442 partim

242 1448 412 1527 Carthagini
433 1447 581 1525 praesidio
600 1464 679 1517 esse,
707 1447 815 1525 partim
834 1444 972 1508 distribui
995 1463 1049 1524 per
1071 1446 1212 1507 Africam

240 1530 332 1592 iubet.
369 1529 457 1589 simul
477 1528 724 1609 conquisitoribus
743 1530 775 1590 in
795 1530 924 1590 civitates
944 1526 1043 1590 missis
1063 1534 1208 1609 quattuor

241 1613 322 1675 milia
344 1613 511 1690 conscripta
532 1611 663 1672 delectae
686 1614 857 1684 iuventutis,
879 1612 1059 1691 praesidium
1083 1613 1206 1676 eosdem

216 1703 272 1756 let
293 1694 425 1763 obsides,
451 1695 519 1754 duci
541 1694 746 1771 Carthaginem
767 1695 859 1757 lubet.
902 1695 989 1757 xxrl.
1026 1696 1130 1776 Neque
1151 1696 1206 1756 lli·

241 1778 374 1857 spaniam
387 1776 599 1855 neglegendam
611 1787 707 1849 ratus,
721 1788 808 1858 atqrm
818 1778 849 1839 id
861 1797 896 1840 eo
907 1780 1018 1849 minus,
1034 1779 1113 1859 quod
1123 1779 1204 1840 haud

240 1863 363 1940 ignarus
378 1868 442 1922 erat
457 1863 639 1922 circumitam
656 1862 693 1921 ab
707 1863 847 1923 Romanis
863 1880 928 1923 eam
943 1860 1048 1940 legatis
1068 1861 1106 1923 ad
1122 1861 1189 1923 solli

243 1944 376 2007 citandos
387 1945 555 2024 principum
566 1947 695 2015 animos,
707 1945 882 2007 Hasdrubali
894 1945 993 2015 fratri,
1005 1946 1201 2025 virolnpigro,

216 2038 309 2090 team
334 2030 528 2108 provinciam
541 2028 668 2090 destinat
690 2029 846 2108 firmatque
863 2047 931 2089 eum
950 2029 1057 2089 Airlcis
1076 2031 1202 2090 maxime

242 2113 411 2193 praesidiis,
433 2112 565 2192 peditum
576 2113 715 2174 dirorum
732 2111 869 2173 undecim
887 2111 1006 2173 milibus
1027 2114 1202 2191 octingentis

214 2198 468 2278 aquinquaginta,
489 2196 645 2274 Liguribus
662 2197 819 2266 trecentis,
841 2195 1005 2256 Baliaribus
1026 2199 1201 2271 enimenta.

242 2281 279 2342 ad
295 2281 369 2342 haec
380 2279 512 2360 peditum
524 2279 629 2341 auxilia
641 2278 733 2340 additi
744 2280 856 2358 equites
867 2278 1115 2358 Libyphoenices,
1127 2282 1199 2340 mix·

206 2377 210 2384 ·
243 2372 306 2425 tum
320 2364 465 2425 Punicum
479 2363 558 2424 liris
578 2381 686 2442 genus,
709 2361 916 2443 quadringenti
938 2366 1151 2438 quinquaqinta
1171 2372 1198 2424 et

241 2446 386 2510 Numidae
404 2444 578 2526 Maurique,
600 2444 718 2507 accolae
739 2445 861 2514 Oceani,
883 2444 920 2506 ad
941 2444 1022 2505 mille
1042 2447 1194 2523 octingenti

242 2536 272 2589 et
304 2547 394 2607 parra
412 2528 570 2607 Ilergetum
589 2548 694 2591 manus
713 2547 750 2590 ex
766 2529 919 2608 llispania,
941 2527 1058 2589 ducenti
1078 2528 1192 2605 equites,

241 2618 284 2681 et,
314 2628 353 2671 ne
368 2609 446 2690 quod
466 2613 615 2672 terrestris
630 2611 746 2673 deesset
761 2610 859 2673 auxilii
873 2628 979 2690 genus,
1002 2610 1140 2688 elephanti
1150 2611 1192 2668 vi-

212 2693 315 2771 ⁴tginti
339 2710 424 2753 unus.
453 2691 552 2754 classis
568 2703 722 2773 praeterea
737 2693 804 2755 data
815 2695 852 2756 ad
867 2695 1006 2756 tuendam
1015 2693 1191 2754 maritumam

241 2791 346 2848 oram,
363 2776 446 2856 quia,
466 2794 523 2855 qua
538 2784 622 2856 parte
636 2776 707 2838 belli
722 2780 867 2850 vicerant,
884 2797 918 2840 ea
929 2786 992 2840 tum
1007 2793 1120 2858 quoquc
1132 2793 1191 2837 reru

241 2867 380 2942 gesturos
403 2861 550 2922 Romanos
570 2860 653 2923 credi
673 2869 802 2942 poterat,
830 2863 1039 2942 quinquaginta
1061 2861 1192 2941 quinque·

240 2963 359 3017 remes,
380 2944 582 3027 quadriremes
602 2944 691 3016 duae,
713 2947 850 3006 triremes
870 2946 1016 3026 qulnque;
1045 2943 1098 3006 sed
1116 2951 1193 3024 aptae

123 3050 128 3053 ·
241 3032 462 3109 instructaeque
477 3030 599 3108 remigio
613 3030 734 3107 triginta
748 3036 777 3089 et
790 3028 864 3090 duae
877 3030 1103 3110 quinqueremes
1117 3035 1192 3087 erant

242 3121 272 3174 et
290 3115 428 3175 triremes
439 3113 580 3192 quinque.

214 3208 231 3259 ὁ
302 3195 346 3258 lh
371 3195 501 3258 Gadibus
516 3195 721 3274 Carthaginem
738 3195 774 3256 ad
795 3195 919 3256 hiberna
936 3196 1082 3256 exercitus
1103 3193 1189 3254 rediit

242 3287 330 3360 atque
340 3278 412 3340 inde
423 3279 574 3358 proiectus
586 3287 705 3358 praeter
715 3280 876 3341 Etovissam
889 3277 996 3340 urbem
1011 3278 1048 3339 ad
1060 3277 1190 3339 Hiberum

214 3364 398 3424 amarituma
417 3380 469 3423 ora
483 3362 571 3424 ducit.
603 3361 645 3423 ihi
666 3364 743 3425 lama
758 3372 803 3425 est
821 3365 853 3424 in
876 3364 975 3443 quiete
997 3364 1091 3423 visum
1111 3360 1190 3422 abeo

242 3445 376 3504 iuvenem
405 3444 502 3505 divina
522 3446 632 3526 specie,
654 3449 705 3527 qui
725 3465 756 3508 se
776 3446 812 3508 ab
826 3446 893 3507 Iove
915 3445 1028 3507 diceret
1047 3446 1188 3506 ducemin
