2575 4067
254 242 314 308 168
447 256 541 300 tanne
556 257 586 299 x.
600 253 670 301 oar.
684 240 725 298 19.
741 242 785 299 20.
801 232 841 316 [s.
855 257 887 298 u.
903 256 929 297 o.
944 233 1008 316 tte]

210 402 438 475 levolumnlus,
460 422 548 484 quam
567 404 677 484 Appius
693 401 731 464 ad
749 401 863 464 hostem
880 401 1061 482 pervenirem
1105 401 1207 481 itaque

252 488 350 549 monte
369 485 517 567 inaequall
534 504 710 548 concursum
732 492 790 555 est:
816 494 847 547 et
871 483 950 546 velut
974 484 1050 545 lorte
1078 483 1207 563 quadam

250 578 382 633 mutante
396 570 532 632 adsuetos
550 571 627 632 inter
641 588 673 632 se
692 568 792 631 hostes
805 569 921 632 Etrusci
934 566 1100 639 Volumnio,
1120 568 1206 629 Sam·

252 656 342 726 nius,
364 671 524 735 parumper
538 654 679 725 cunctati,
701 654 769 733 quia
781 652 841 714 dux
853 650 971 723 aberat,
990 650 1084 730 Appio
1099 668 1206 712 occur-

209 743 243 798 17
253 755 331 799 rere.
366 737 473 800 dloitur
485 737 596 819 Appius
616 739 649 798 ln
668 737 764 798 medio
783 754 899 816 pugnae
914 734 1097 806 discrimine,
1116 736 1158 796 ita
1172 741 1207 796 ut

251 822 329 882 inter
341 823 437 903 prima
450 823 534 901 slgna
548 820 683 882 manibus
697 820 734 881 ad
749 819 862 883 caelum
882 817 1003 880 sublatis
1018 819 1206 897 conspicere·

251 911 315 977 tur,
330 906 370 967 ila
382 911 519 985 precatus
530 923 610 967 esse:
640 902 802 976 „Bellona,
819 901 946 966 sihedie
956 900 1043 964 nobis
1050 903 1206 963 victoriam

208 993 244 1048 1⁸
253 987 333 1060 duls,
354 995 399 1049 ast
418 1006 472 1067 ego
495 987 548 1050 tibi
570 987 711 1069 templum
728 995 848 1049 voveo.“
877 987 951 1048 haec
972 993 1109 1066 precatus
1125 985 1206 1047 velut

252 1071 409 1151 instigante
424 1071 479 1133 dea
490 1079 521 1134 et
534 1072 597 1153 ipse
608 1070 737 1150 collegae
752 1079 782 1132 et
792 1071 937 1132 exercitus
951 1071 1085 1130 dmutem
1097 1087 1206 1148 aequa·

250 1157 292 1216 vlt
305 1155 397 1218 duels.
422 1161 452 1217 et
464 1156 555 1218 duces
571 1155 761 1236 imperatoria
782 1172 872 1235 opera
885 1160 1075 1223 exsecuntur,
1098 1162 1128 1213 et
1147 1154 1205 1214 mi-

252 1237 331 1310 lites,
345 1256 383 1300 ne
397 1239 434 1301 ab
445 1238 537 1301 altera
550 1247 634 1319 parte
648 1239 730 1318 prius
739 1239 860 1299 victoria
873 1238 1008 1316 incipiat,
1023 1235 1205 1298 adnituntur.

211 1329 244 1384 te
254 1339 325 1402 ergo
337 1322 463 1385 tundunt
473 1322 633 1404 fugantque
643 1322 742 1385 hostes
753 1322 895 1382 maiorem
906 1320 1014 1381 molem
1024 1318 1103 1381 haud
1116 1317 1206 1381 facile

252 1408 443 1478 sustinentes,
463 1426 551 1487 quam
567 1426 634 1468 cum
649 1425 706 1487 qua
725 1422 829 1467 manus
846 1421 1003 1466 conserere
1023 1402 1133 1465 adsueti
1156 1403 1206 1464 iu·

252 1497 346 1551 erant.
383 1489 516 1568 urgendo
526 1489 664 1552 cedentes
677 1488 916 1570 insequendoque
927 1488 1033 1550 eliusos
1044 1485 1206 1567 conpulere

211 1579 246 1633 to
255 1573 292 1635 ad
307 1580 411 1633 castra
445 1571 487 1633 ibi
500 1574 667 1634 interventu
684 1572 769 1635 Gellii
783 1572 1005 1652 cohortiumque
1020 1569 1204 1632 Sabellarum

209 1652 413 1800 „dd’ld
424 1655 1205 1821 ddltttlrtddtdttnttiddddz

252 1828 355 1901 portae
377 1823 461 1901 signa
477 1823 613 1895 inferret,
635 1823 745 1904 Appius
762 1822 913 1885 Bellonam
927 1823 1078 1884 victricem
1097 1822 1203 1884 identi·

253 1904 320 1967 dem
343 1904 496 1968 celebrans
515 1907 690 1969 accenderet
709 1907 834 1969 militum
856 1909 983 1978 animos,
1007 1923 1062 1987 per
1086 1904 1203 1977 vallum,

209 1988 421 2068 reportasses
444 1991 628 2072 inruperunt
664 1999 759 2053 castra
779 2000 862 2070 capta
881 1990 1066 2071 direptaque,
1093 1990 1204 2070 praeda

251 2073 357 2152 ingens
370 2081 496 2155 portast
511 2074 597 2136 mlliti
611 2093 749 2136 concessa
759 2083 811 2136 est.
842 2082 955 2153 septem
969 2072 1049 2135 milla
1062 2075 1204 2154 nongenti

252 2157 380 2220 hostium
396 2159 498 2231 occisi,
516 2158 668 2222 duomilia
683 2167 713 2220 et
727 2166 843 2220 eentum
860 2158 962 2237 viginti
976 2158 1063 2237 capti.

226 2248 241 2301 1
313 2241 375 2303 XX.
404 2242 480 2305 Deum
506 2243 592 2305 ambo
619 2241 753 2305 consides
780 2243 932 2321 omnisque
952 2242 1082 2304 Romana
1106 2242 1150 2302 ris
1172 2243 1202 2302 in

252 2325 408 2388 Etruscum
421 2325 531 2389 bellum
544 2328 637 2406 magis
653 2326 788 2397 inclinat,
802 2328 833 2388 in
845 2327 963 2387 Samnio
978 2326 1046 2386 nori
1058 2326 1203 2386 exercitus

252 2410 348 2470 exorti
367 2409 404 2470 ad
424 2411 605 2489 populandos
628 2412 744 2490 imperii
757 2411 881 2471 Romani
899 2410 973 2471 lines
995 2427 1051 2488 per
1062 2410 1202 2471 Vescinos

252 2492 283 2552 in
299 2491 486 2572 Campaniam
505 2493 722 2573 Falernumque
744 2512 847 2572 agrum
866 2492 1077 2554 transcendunt
1097 2493 1200 2571 ingen-

223 2580 353 2653 etesque
365 2575 490 2653 praedas
506 2576 625 2639 iaciunt.
660 2577 845 2639 Volumnium
865 2578 979 2655 magnis
999 2575 1152 2638 itinerIbus
1168 2576 1201 2637 iu

254 2655 406 2717 Samnium
420 2657 593 2721 redeuntem
609 2692 646 2705 —
662 2661 721 2721 iam
737 2663 816 2723 enim
830 2660 920 2722 Fabio
936 2660 1082 2741 Decioque
1096 2678 1200 2742 prore·

253 2739 313 2817 gali
328 2739 447 2819 imperii
467 2741 534 2804 linis
553 2742 655 2805 aderat
671 2743 800 2807 —lama
821 2744 857 2806 de
877 2745 1051 2806 Samnitium
1071 2745 1199 2807 exercitu

252 2821 544 2905 populationibusque
566 2826 706 2908 Campani
726 2830 790 2907 agri
810 2828 847 2890 ad
871 2827 995 2890 tuendos
1015 2828 1112 2889 socios
1130 2845 1199 2888 con·

223 2909 346 2970 avertit.
376 2915 409 2970 ut
423 2909 455 2970 in
467 2908 606 2973 Calenum
623 2929 726 2990 agrum
741 2914 834 2982 venit,
847 2915 951 2991 etipse
963 2911 1058 2973 cernit
1071 2913 1201 2973 recentia

253 2989 342 3054 eladis
357 2994 492 3072 vestigia,
514 3002 543 3056 et
560 2994 658 3057 Caleni
673 3002 795 3057 narrant
807 3002 920 3058 tantum
933 2996 992 3056 nm
1005 2994 1133 3075 praedae
1146 2995 1199 3056 he-

223 3077 305 3137 tstis
323 3076 455 3149 trahere,
476 3085 509 3138 ut
528 3079 577 3139 vix
592 3077 739 3157 explicare
753 3097 857 3157 agmen
875 3080 1002 3158 possint:
1023 3081 1121 3159 itaque
1140 3079 1199 3139 mm

252 3158 404 3241 propalam
416 3159 506 3222 duces
515 3159 610 3242 loqui,
625 3162 770 3242 extemplo
783 3162 910 3224 eundum
920 3164 953 3223 in
964 3162 1116 3225 Samnium
1126 3178 1199 3232 esse,

250 3251 284 3306 ut
293 3242 395 3305 relicta
405 3243 447 3304 ibi
462 3246 571 3325 praeda
580 3247 612 3307 in
624 3246 838 3325 expeditionem
850 3245 980 3317 redeant,
993 3263 1049 3306 nec
1058 3253 1120 3308 tam
1132 3263 1197 3307 one

222 3331 349 3389 tratum
363 3344 468 3407 agmen
482 3330 661 3392 dimicationi
672 3331 861 3397 committant.
888 3347 922 3391 ea
933 3347 1110 3410 quamquem
1120 3330 1200 3390 simi-

250 3408 290 3470 lla
313 3412 391 3471 veris
412 3421 508 3485 erant,
534 3415 641 3475 certius
662 3420 761 3475 tamen
782 3413 960 3495 exploranda
981 3420 1062 3475 ratus
1082 3411 1200 3474 dimittit

251 3491 378 3568 equites,
394 3495 444 3572 qod
454 3513 542 3576 rages
555 3495 744 3578 praedatores
758 3498 789 3558 in
803 3499 881 3577 agris
894 3496 1027 3579 palantes
1039 3497 1199 3577 excipiant3
