2575 4067
279 264 373 309 mna
387 266 429 310 rx.
445 252 554 311 ome.
569 242 649 331 21⁸.
663 246 775 332 Otii]
956 253 998 321 ie

71 406 181 475 dietlam
191 409 344 493 plerisque
354 414 488 476 intentati
503 421 532 474 et
545 410 689 476 vulnerati
701 412 819 494 quidam
831 417 927 480 necati
986 468 995 493 ,

68 493 182 558 tlrnitus
199 514 307 559 eurum
321 496 494 576 indignitate
506 514 607 559 rerum
627 498 725 559 acrior
747 497 887 561 rictorem
904 518 922 562 e
944 519 995 563 en·

67 574 141 641 iisset
164 580 205 643 ita
218 578 349 643 traducti
358 579 413 642 sub
424 581 523 659 iugum
536 589 579 652 et,
597 580 676 662 qued
690 597 784 661 paene
795 582 910 660 gravius
921 594 1021 656 erati

63 676 103 736 per
118 662 243 725 besdum
266 661 367 726 ocules
380 681 448 726 cum
463 682 480 726 e
503 664 578 726 saltu
594 665 766 737 evasissent,
791 666 845 727 etsi
865 665 943 728 velut
959 667 995 729 ab

62 743 142 807 inieris
156 748 283 810 extracti
298 755 361 809 tum
375 749 503 828 primum
518 747 615 811 lucem
631 749 764 829 aspicere
778 748 832 810 visi
846 758 928 821 sunt,
953 759 996 812 te·

60 844 112 890 nen
128 830 188 911 ipsa
209 830 263 893 lux
286 831 327 894 ita
340 829 473 893 deforme
494 830 675 894 intuentibus
688 848 794 910 agmen
807 833 888 895 omni
901 842 996 895 morte

59 912 150 975 lrbtier
164 914 230 977 init
261 915 360 995 itaque
381 933 447 977 cum
468 923 535 977 ante
561 923 677 978 nouem
694 917 821 997 Capuam
841 918 1022 997 perveniret

58 1006 171 1071 possent,
193 999 304 1061 incerti
318 996 355 1060 de
374 997 433 1060 dds
452 1000 600 1062 seclorum
615 1008 646 1063 et
659 999 737 1081 qued
756 999 852 1080 puder
872 1017 995 1080 praepe-

58 1074 149 1152 debat,
166 1082 250 1144 circa
264 1083 340 1145 vlam
354 1081 433 1144 baud
445 1081 550 1162 procul
565 1083 662 1165 Capua
679 1083 810 1145 emnium
826 1099 919 1162 egena
930 1100 994 1144 cor·

57 1177 113 1237 porr
123 1164 205 1227 bumi
215 1173 449 1246 prostraverunt
470 1167 547 1246 quod
560 1165 613 1228 ubi
627 1166 805 1245 estiiapuam
816 1167 990 1245 nuntiatum,
1002 1174 1019 1225 u

56 1245 144 1308 educit
154 1250 309 1311 miseratio
319 1249 393 1312 iusta
403 1249 549 1311 seclorum
562 1247 731 1329 superbiam
741 1249 902 1328 ingenitam
911 1248 996 1311 Cam·

56 1331 131 1404 panis.
160 1332 319 1395 confestim
332 1334 459 1412 insignia
471 1350 523 1396 sua
535 1330 719 1403 consulibus,
735 1332 842 1404 fasces,
857 1330 1023 1403 lictores;t

56 1427 134 1485 una,
160 1433 272 1497 equos,
294 1417 481 1489 vestimenta,
505 1425 685 1479 commeatus
706 1414 847 1478 militibus
867 1414 995 1494 uenum

54 1494 169 1571 nitunt,
188 1508 218 1563 et
232 1499 421 1562 venientibus
435 1500 561 1580 Capuam
578 1508 702 1563 cunctus
718 1505 836 1561 senatus
854 1497 1022 1580 pupulus-t

54 1593 100 1654 que
112 1581 225 1646 ebriam
244 1600 381 1664 egressus
401 1584 484 1646 iustis
499 1583 636 1647 omnibus
657 1581 848 1663 hospitalibus
860 1582 994 1663 privatis·

54 1673 136 1737 meet
147 1666 279 1747 publicis
297 1666 430 1747 iungitur
444 1668 557 1729 ciliciis.
586 1685 683 1748 neque
701 1665 759 1728 tilis
778 1665 927 1729 socierum
940 1670 1020 1729 ces-e

55 1744 124 1808 uitas
137 1750 294 1832 vultusque
312 1750 434 1830 benigni
448 1759 478 1813 et
498 1749 633 1831 adloquia
648 1767 708 1812 uon
721 1748 810 1811 mede
826 1766 994 1812 sermenem

54 1823 153 1904 elicere,
168 1834 222 1896 sed
234 1852 276 1896 ne
287 1841 321 1897 ut
332 1833 431 1896 octrios
442 1834 560 1916 (pridem
573 1832 740 1897 attollerent
750 1839 800 1895 aut
810 1831 994 1895 consolantes

54 1913 147 1976 emices
166 1927 272 1980 contra
293 1919 479 1980 intuerentur
499 1917 617 1978 eiicere
636 1922 787 1996 poterant:
810 1915 884 1978 adeo
904 1921 1022 1996 superi

53 2006 202 2063 maerorem
221 2000 321 2083 pudor
336 2001 453 2082 quidem
472 1999 575 2078 ingere
596 1996 750 2078 conloquia
769 2007 799 2059 et
823 2005 922 2060 coetus
940 1997 994 2059 he·

53 2076 150 2144 minum
167 2083 304 2165 cogebat.
318 2093 437 2164 postero
451 2082 499 2143 die
515 2099 581 2142 cum
596 2082 717 2142 iuvenes
729 2078 859 2149 nubiles,
879 2080 991 2140 missia
1004 2086 1036 2139 10

53 2155 149 2239 Cipus,
164 2176 197 2230 ut
211 2167 434 2248 proficiscentes
443 2164 478 2227 ad
489 2164 578 2225 linem
590 2163 770 2242 Campanum
779 2178 994 2241 prosequeren-

52 2245 100 2314 llb
109 2253 307 2322 revertissent,
315 2250 466 2329 vocatique
474 2247 625 2309 incuriam
635 2242 895 2326 percunctantibus
901 2243 991 2305 maie·
1005 2250 1034 2305 11

53 2322 196 2397 rlbusnatu
204 2332 300 2397 multu
309 2331 366 2395 sibi
372 2332 545 2395 maestiores
555 2327 850 2393 etabiectiorisuniml
860 2327 938 2388 risus
947 2342 995 2387 re·

52 2402 384 2482 ltuentzadeusilensae
393 2410 994 2497 prepemutumagmenincessisse3iacere
1004 2417 1036 2470 1²

53 2487 167 2561 ludelem
184 2501 268 2565 iiiam
287 2500 463 2571 Romanam,
483 2497 654 2579 ablatosque
673 2514 741 2559 cum
762 2494 852 2558 armis
872 2494 993 2566 animes,

54 2585 104 2637 uun
114 2582 240 2647 reddere
253 2582 376 2647 salutem
391 2582 596 2655 salutantibus,
607 2579 644 2621 'i‘
655 2596 716 2643 nen
726 2579 796 2643 dare
810 2595 994 2659 responsum,

53 2668 104 2721 nun
112 2660 226 2731 hiscere
239 2686 413 2750 quemquam
423 2684 494 2748 prae
504 2674 585 2728 metu
596 2666 727 2747 putuisse
737 2672 886 2745 umquem
896 2662 994 2725 ieren·

54 2736 121 2805 tius
143 2751 241 2816 adhuc
264 2750 424 2815 cervicibus
448 2752 563 2830 iugum,
591 2749 646 2813 sub
668 2748 747 2830 qued
767 2748 867 2810 emissi
887 2754 993 2816 essent,

55 2815 151 2894 habere
157 2835 304 2899 Samnites
311 2836 461 2897 detortam
468 2852 527 2896 non
538 2833 722 2914 praeclaram
730 2830 833 2902 scium,
845 2830 992 2891 sedetiam
1007 2834 1037 2887 ie

56 2908 995 3085 intimantemtttuttumtuntt

57 3067 311 3168 situlamquee—
337 3086 398 3149 vti.
422 3106 489 3150 cum
499 3087 573 3148 haec
586 3086 757 3147 dicerentur
767 3077 1023 3154 audirenturquei

58 3157 267 3244 ildeploratum
277 3189 372 3254 paene
378 3170 542 3233 Romanum
554 3185 664 3231 nemen
674 3167 705 3228 iu
716 3161 838 3227 consiliu
849 3160 995 3223 scelerum

57 3234 172 3314 fidelium
194 3263 286 3329 essu,
308 3255 415 3318 dicitur
434 3252 547 3315 Ofillius
568 3251 699 3315 Calavius
717 3247 771 3310 Ori
790 3243 881 3316 iilius,
902 3240 1024 3304 claruet

59 3333 153 3396 tenen
170 3337 326 3422 lactisque,
341 3347 404 3402 tum
419 3339 508 3401 etiam
523 3342 616 3401 aetate
630 3331 790 3402 verendus,
807 3327 895 3408 iunge
911 3322 995 3388 aliter

58 3416 84 3464 *θ
96 3408 202 3484 habere
212 3442 275 3487 rem
291 3424 415 3488 dixisse:
432 3420 581 3486 silentium
592 3416 666 3481 iilud
676 3414 852 3479 obstinatum
866 3412 1024 3491 fixosqnee

59 3482 85 3549 lu
96 3500 309 3572 terremceuies
323 3516 353 3571 et
368 3507 472 3571 surdas
491 3505 526 3573 ad
549 3504 647 3570 emnia
667 3498 879 3625 sulaclataures
892 3502 921 3557 et
941 3511 995 3576 pu·
