2575 4067
304 243 398 286 nmen
411 245 475 288 m.
493 243 561 287 oar.
576 233 618 287 tt.
633 232 678 287 tt.
694 224 734 307 [a.
750 227 785 291 0.
802 225 864 307 ²18]
1000 231 1063 296 233

103 389 252 470 elephanti
269 397 298 451 et
316 392 428 471 equites
446 401 545 463 crant,
561 392 625 471 ipse
639 399 707 471 post
720 409 788 454 cum
805 393 914 456 robore
928 394 1060 473 peditum

104 475 355 554 circumspectans
371 473 572 555 sollicitusque
586 477 685 536 omnia
703 475 868 538 incedebat.
899 476 950 538 ubi
963 479 995 538 ln
1010 486 1092 539 ano

104 557 266 636 guadorem
279 559 357 620 viam
373 568 403 619 et
417 567 501 638 parte
516 558 608 620 altera
620 558 782 620 subiectam
797 560 865 638 iugo
882 561 1003 640 insuper
1017 562 1063 622 in·
1160 636 1166 644 ι

103 642 228 702 minenti
243 650 362 703 ventum
379 642 580 724 ostendique
600 660 635 704 ex
650 643 764 704 insidiis
777 642 911 715 barbari,
934 643 1063 706 aironto

104 724 140 785 ab
155 731 240 803 tergo
256 727 366 796 coorti,
390 727 554 790 comminus
575 728 689 788 eminus
711 733 831 806 potunt,
849 745 918 789 saxa
932 728 1063 805 ingentia

103 810 134 868 in
146 825 253 887 agmen
263 808 429 870 devolvunt.
458 811 585 870 maxima
599 809 635 871 ab
648 818 732 888 tergo
750 811 794 870 vis
808 809 961 872 bominum
975 826 1063 887 urga-
1077 827 1093 875 7
1121 834 1123 847 2

103 892 164 953 bat.
193 893 226 952 in
240 909 291 953 eos
304 910 388 953 versa
402 893 534 973 peditum
550 894 627 954 acies
645 892 724 954 haud
741 893 862 955 dubium
878 895 960 966 iacit,
981 895 1062 975 quin,
1131 889 1197 961 ΑΨ
1209 884 1242 924 “s

104 977 162 1036 nisi
177 975 291 1036 firmata
308 985 440 1038 extrema
458 978 582 1055 agminis
600 977 740 1059 swa
761 979 868 1056 ingens
887 980 919 1040 in
938 997 972 1040 eo
986 976 1062 1040 saltu
1090 959 1115 1028 3
1134 947 1207 1041 233
1234 960 1262 1003 ε’

104 1057 275 1138 accipienda
290 1059 388 1122 clades
401 1059 502 1121 inerit.
534 1068 604 1122 tunc
616 1079 735 1141 quoque
749 1060 786 1122 ad
804 1069 969 1123 extremum
981 1062 1091 1142 peri-0
1138 1065 1269 1137 Μὰ,

104 1141 214 1203 culiae
228 1127 627 1222 propaparnr'ci'e'maantum
643 1152 697 1205 est.
734 1162 802 1206 nam
823 1145 892 1206 dum
908 1151 1062 1207 cunctatur
1233 1136 1239 1153 ‘

104 1225 250 1324 llanraihal
263 1225 417 1289 mnnnro
430 1245 536 1305 agmen
550 1228 582 1287 in
593 1228 760 1305 angustias,
777 1229 845 1307 quia
859 1246 933 1301 non,
951 1236 985 1290 ut
998 1229 1062 1308 ipso

103 1308 1090 1474 dldlnttttttttltlltddltlnlitt0

103 1487 190 1556 rupto
208 1476 306 1537 medlo
318 1479 434 1555 agmine
447 1479 524 1540 riam
538 1477 691 1546 insedere;
708 1492 825 1559 noxque
836 1496 895 1540 una
906 1477 1062 1540 Hannibali

102 1562 168 1622 aine
179 1559 325 1639 equitibus
337 1570 423 1640 atque
433 1561 642 1641 inpedimentis
654 1569 717 1623 acta
729 1569 783 1623 est.
812 1561 924 1624 XXXV.
939 1562 1061 1623 Postero
1074 1573 1086 1623 l

103 1644 152 1704 die
167 1645 226 1705 iam
241 1645 360 1723 segnius
374 1644 638 1709 intercursantibus
659 1645 793 1706 barbaris
809 1646 929 1718 ‚iunctae
946 1647 1049 1726 copiae

103 1726 335 1806 saltusqnelraud
347 1729 410 1789 sine
422 1726 513 1800 clade,
526 1730 638 1789 maiore
650 1737 749 1790 tamen
759 1730 958 1791 iumentorum
970 1747 1059 1810 quam

103 1811 254 1871 hominurn
267 1812 411 1889 pernicie,
425 1822 588 1891 mperatua.
614 1810 684 1873 inde
694 1814 827 1874 montani
837 1814 991 1892 pauciores
1001 1814 1088 1873 iamt

101 1902 132 1955 et
148 1892 294 1955 latrocinii
306 1896 398 1973 magis
414 1912 502 1974 qnam
516 1893 586 1954 belli
601 1912 685 1955 more
700 1895 912 1956 concursabant
926 1896 1013 1957 modo
1029 1896 1059 1955 in

101 1979 244 2058 primum,
261 1977 348 2039 modo
366 1980 397 2038 ln
418 1979 607 2040 novissimum
628 1995 748 2054 agmen,
768 1987 927 2057 utcumque
947 1988 996 2040 aut
1016 1977 1059 2039 lo·

102 2080 154 2122 cus
171 2063 421 2141 opportunitatem
436 2061 520 2123 daret
536 2068 586 2121 aut
606 2062 756 2140 progressi
777 2063 918 2121 morative
933 2060 1058 2140 aliquam
1156 2136 1158 2140 ι

101 2146 287 2207 occasionem
302 2145 449 2207 iecissent.
481 2142 643 2223 elephanti,
659 2144 736 2204 sicut
751 2161 805 2222 per
819 2151 898 2204 artas
914 2143 1087 2223 praecipi-t

102 2236 146 2289 tes
167 2230 228 2289 vias
246 2246 353 2308 magna
374 2247 457 2290 mona
480 2228 659 2307 agebantur,
680 2228 721 2287 ita
742 2234 836 2287 tutum
857 2226 894 2286 ab
914 2224 1047 2286 hostibus

102 2329 286 2392 quacumque
300 2312 488 2382 incederent,
505 2313 573 2392 quia
586 2311 710 2371 insuetis
723 2309 850 2371 adeundi
864 2311 985 2390 propius
996 2327 1057 2369 me·

102 2404 149 2455 tus
164 2404 241 2465 erat,
258 2414 363 2476 agmen
377 2395 569 2476 praebebant.
1022 2380 1123 2450 -s

165 2478 249 2540 Nono
267 2480 314 2541 die
333 2482 365 2548 in
383 2482 485 2559 iugum
503 2479 620 2559 Alpium
641 2483 815 2558 perventum
839 2484 882 2538 est
900 2493 956 2555 per
980 2475 1085 2536 inviae

100 2561 242 2642 pleraque
258 2572 287 2626 et
307 2582 438 2636 errores,
462 2582 535 2645 quos
556 2570 606 2624 aut
627 2562 796 2623 ducentium
816 2560 899 2623 iraus
917 2569 983 2631 aut,
1005 2557 1057 2621 ubi

101 2645 173 2707 tides
188 2648 225 2707 iis
247 2664 308 2710 non
326 2656 418 2718 esset,
444 2656 556 2709 temera
569 2648 659 2708 initae
682 2644 770 2709 valles
788 2663 805 2707 a
823 2643 1055 2707 coniectantibus

100 2732 158 2790 iter
178 2730 334 2791 iaciebant.
372 2731 495 2793 biduum
514 2733 545 2792 in
566 2733 635 2808 iugo
652 2731 753 2791 stativa
774 2729 888 2799 habita,
910 2729 1083 2806 iessisquett

100 2811 203 2872 labore
217 2831 251 2871 ac
269 2813 426 2890 pugnando
441 2816 523 2894 quies
538 2815 605 2873 data
624 2813 780 2880 militibust
801 2815 989 2890 iumentaque
1004 2809 1055 2870 ali·

101 2901 188 2972 quot,
205 2912 279 2971 quae
295 2894 431 2974 prolapsa
446 2899 478 2958 in
501 2897 623 2977 rupibus
643 2903 741 2963 erant,
767 2893 915 2974 sequendo
935 2893 1056 2969 vestigia

101 2976 228 3053 agminis
247 2977 279 3035 in
300 2987 395 3038 castra
415 2998 587 3057 pervenere.
621 2979 707 3039 lassis
728 2977 824 3039 taedio
845 2984 889 3036 tot
909 2973 1083 3035 malornmtt

101 3060 177 3120 nivis
192 3060 378 3120 etiamoasus
394 3062 544 3123 occidente
557 3064 614 3123 iam
630 3063 728 3123 sidera
742 3059 938 3138 Vergiliarum
950 3058 1055 3135 ingen·

101 3154 161 3205 tem
176 3152 324 3206 terrorem
338 3143 453 3204 adiecit.
484 3162 538 3222 per
559 3147 656 3205 omnia
671 3146 737 3204 nive
753 3143 870 3223 oppleta
885 3159 952 3202 cum
966 3140 1084 3218 signisr

99 3230 196 3306 prima
209 3228 276 3289 luca
287 3229 376 3288 motis
390 3229 520 3305 segniter
533 3245 638 3305 agmen
653 3226 818 3297 incederet,
837 3225 1013 3305 pigritiaque
1027 3241 1056 3284 et

101 3311 267 3392 desperatio
284 3313 315 3372 in
333 3312 463 3373 omnium
484 3311 563 3373 vultu
584 3311 743 3380 emineret,
768 3326 958 3388 praegressus
973 3309 1083 3386 signas

101 3394 245 3458 llannibal
259 3397 291 3457 in
305 3397 511 3476 promunturio
522 3393 664 3475 quodam,
684 3394 760 3454 unde
772 3393 858 3471 longe
873 3391 972 3454 aclate
986 3409 1054 3471 pro·

101 3490 217 3559 spectus
239 3489 317 3551 erat,
342 3481 501 3541 consistere
521 3482 607 3539 iussis
630 3477 770 3540 militibus
795 3477 904 3538 ltaliam
928 3483 1053 3537 ostentat
