2575 4067
125 277 129 286 ·
247 242 309 304 230
411 253 505 296 umus
524 254 589 296 xxa.
604 252 673 295 ons.
690 240 734 295 at.
750 241 794 295 32.
810 231 851 315 [a.
868 256 899 299 u.
913 256 940 297 e.
958 232 1020 315 533]

220 400 363 462 olnsnlae
377 417 488 463 nomen
501 399 635 462 inditum.
670 398 803 462 incolunt
820 417 914 481 prope
925 398 1114 479 Allobroges,
1133 419 1213 481 gem

248 487 306 545 iam
329 482 399 545 inde
422 482 501 545 nulla
522 482 631 545 Gallica
652 491 739 562 gente
760 482 865 563 opibus
892 491 943 546 aut
969 484 1046 545 iama
1069 483 1211 547 inferior.

219 574 311 629 ctum
332 566 445 630 discors
472 574 544 628 orat.
584 568 670 644 regni
688 568 850 628 certamine
867 566 1056 647 ambigebant
1080 566 1210 641 fratrem

248 652 343 712 molor
355 666 384 712 33
399 652 450 732 qui
468 652 552 730 prius
573 651 770 731 imperitaret,
790 650 923 712 Braneus
938 651 1072 721 nomine,
1088 652 1212 714 minore

249 734 286 796 ab
301 735 394 797 iratre
409 743 440 796 et
452 741 538 796 coetu
550 735 715 804 iuniorum,
731 734 782 814 qui
796 735 862 796 iure
872 735 985 805 minus,
996 735 1025 795 ri
1038 733 1105 814 plus
1122 744 1210 814 pote·

220 825 310 888 irat,
327 817 500 898 pellebatur.
529 816 616 879 buius
630 817 782 879 seditionis
796 824 1018 898 peropportuna
1033 817 1210 898 disceptatio

249 900 371 963 eumad
391 898 585 963 Hannibalem
605 901 715 961 reiecta
740 909 833 972 esset,
860 899 971 962 arbiter
991 902 1078 979 regni
1100 901 1208 973 iactus,

249 985 329 1064 quod
344 990 510 1046 sasenates
524 984 749 1064 principumque
763 985 908 1045 sententia
922 984 1032 1055 brerat,
1047 985 1209 1064 imperium

221 1068 353 1128 ssmaieri
368 1062 519 1154 restituit}
531 1066 569 1128 ob
582 1065 614 1127 id
625 1068 764 1128 meritum
775 1075 941 1129 commeatu
951 1069 1093 1149 copiaque
1104 1087 1208 1131 rerum

250 1152 393 1221 omnium,
415 1151 541 1212 maxime
560 1150 662 1221 vestis,
682 1157 727 1210 est
741 1149 871 1222 adiutus,
896 1169 983 1231 quam
1004 1151 1131 1213 infames
1151 1153 1208 1214 iri·

223 1234 372 1313 igoribus
383 1233 471 1313 Alpes
485 1234 657 1313 praeparari
673 1233 827 1312 cogebant.
856 1234 965 1295 sedatis
979 1234 1126 1297 Hannibal
1141 1254 1207 1298 cer

250 1317 411 1379 taminibus
426 1315 617 1396 Allobrogum
635 1334 703 1377 cum
722 1318 781 1378 iam
795 1316 883 1397 Alpes
897 1326 1027 1398 peteret,
1048 1335 1109 1380 non
1125 1329 1207 1383 33333

249 1403 371 1480 regione
385 1403 443 1462 iter
456 1402 595 1470 instituit,
619 1400 673 1462 sed
689 1400 725 1460 ad
740 1399 852 1461 laevam
866 1403 898 1461 in
912 1401 1093 1464 Tricastinos
1107 1402 1207 1474 flexit:

248 1483 319 1544 inde
332 1502 387 1565 per
402 1490 564 1544 extremam
580 1501 663 1544 oram
677 1484 887 1546 Vocontiorum
908 1486 972 1563 agri
986 1485 1080 1547 tendit
1093 1487 1126 1547 in
1139 1487 1207 1549 Tri·

250 1568 346 1628 corios
360 1565 438 1627 haud
448 1584 572 1645 usquam
585 1567 716 1646 inpedita
727 1569 786 1638 via,
800 1568 973 1648 priusquam
987 1569 1024 1630 ad
1035 1569 1207 1634 Druentiam

208 1654 241 1708 10
251 1649 361 1709 ssumen
376 1649 518 1728 pervenit.
551 1651 576 1710 is
600 1651 707 1729 etipse
722 1649 843 1730 Alpinus
863 1652 958 1712 amnis
971 1651 1059 1732 longe
1074 1655 1206 1716 omnium

251 1730 361 1791 Galliae
371 1731 526 1793 fluminum
541 1732 729 1795 difficillimus
739 1737 865 1796 transitu
875 1743 928 1796 est.
951 1753 1098 1798 namnum
1112 1755 1206 1818 aquae

211 1820 239 1873 il
252 1815 311 1874 vim
324 1815 411 1880 vebat
424 1815 583 1892 ingentem,
599 1834 659 1877 non
676 1824 774 1879 tamen
788 1819 905 1879 narium
919 1822 1035 1898 patiens
1054 1828 1113 1893 est,
1139 1822 1205 1902 quia

251 1896 339 1958 nullis
353 1900 500 1959 coercitus
518 1900 605 1979 ripis,
627 1899 761 1978 pluribus
781 1901 868 1963 simul
888 1919 986 1982 neque
1007 1903 1102 1966 isdem
1117 1903 1205 1967 alveis

248 1979 352 2053 fluens,
366 1999 441 2042 nova
453 2000 572 2062 semper
582 1984 809 2065 vadauovosque
816 1986 947 2064 gurgites
959 2021 999 2033 —
1011 1996 1041 2048 ot
1051 1987 1089 2048 ob
1102 1988 1203 2050 eadem

248 2063 340 2143 pediti
354 2083 470 2145 quoque
484 2067 596 2128 incerta
610 2073 655 2128 est
663 2069 709 2128 via
720 2106 771 2138 —,
787 2067 824 2128 ad
838 2069 897 2130 boc
910 2087 979 2131 saxa
997 2069 1131 2149 glareosa
1145 2071 1204 2133 vol·

206 2155 241 2206 12
250 2167 336 2220 vens,
350 2148 424 2210 nihil
437 2148 540 2210 stabile
555 2168 612 2211 nee
633 2158 729 2211 tutum
747 2152 925 2229 ingredienti
938 2153 1074 2232 praebet;
1098 2162 1129 2217 et
1143 2163 1204 2221 tum

247 2232 325 2294 iorte
339 2232 484 2294 imbribus
500 2240 602 2294 auctus
622 2234 774 2312 ingentem
795 2236 1078 2314 transgredientibus
1097 2239 1206 2301 tumul·

247 2323 310 2377 tum
330 2315 402 2377 iecit
436 2334 503 2377 cum
517 2334 607 2396 super
629 2325 728 2379 cetera
747 2317 942 2398 trepidatione
962 2321 1020 2400 ipsi
1041 2341 1095 2385 sua
1118 2330 1204 2404 atquc

246 2400 368 2461 incertis
384 2365 561 2461 clamoribus
575 2399 776 2462 turbarentur.

220 2489 234 2538 1
307 2481 422 2543 XXXII.
458 2483 491 2543 P.
509 2482 661 2545 Cornelius
687 2485 789 2546 consul
807 2486 905 2548 triduo
926 2487 989 2550 iere
1009 2498 1088 2569 post,
1114 2507 1202 2569 quam

247 2561 392 2624 Hannibal
420 2583 437 2624 3
464 2567 529 2645 3133
553 2566 690 2628 Rhodani
720 2571 824 2641 movit,
851 2571 994 2650 quadrato
1023 2573 1137 2650 agmine
1161 2573 1202 2633 ad

247 2651 344 2704 castra
356 2645 484 2708 bostium
495 2656 630 2717 venerat,
647 2648 757 2715 nullam
769 2652 928 2715 dimicandi
938 2673 1048 2718 moram
1058 2654 1202 2718 13333333.

218 2733 377 2787 aceterum
392 2727 444 2789 ubi
459 2728 575 2792 deserta
589 2734 772 2798 munimenta
787 2755 842 2798 nec
862 2738 947 2801 facile
961 2758 993 2801 33
1004 2745 1115 2799 tantum
1128 2756 1202 2818 pro·

246 2828 364 2890 grossos
375 2811 583 2877 adsecuturum
593 2815 684 2888 videt,
700 2819 736 2880 ad
751 2839 832 2881 mare
844 2839 878 2882 33
893 2841 982 2885 nares
993 2822 1093 2894 rediit,
1111 2824 1203 2885 tutius

246 2893 419 2976 faciliusque
438 2898 479 2958 ita
493 2898 684 2963 descendenti
698 2902 735 2963 ab
749 2904 871 2983 Alpibus
885 2906 1043 2968 Hannibali
1064 2925 1202 2969 oeomsu·

217 2987 303 3041 33333.
349 2989 511 3044 notamen
538 2983 618 3045 nuda
648 2985 762 3048 susidis
787 2989 927 3052 Romanis
952 2991 1093 3071 HispanIa
1117 2999 1201 3062 esset,

245 3080 333 3142 quam
360 3066 540 3144 provinciam
565 3069 685 3130 sortitus
705 3078 782 3141 erat,
810 3072 862 3135 Cn.
886 3075 1054 3154 Scipionem
1079 3076 1201 3136 fratrem

244 3164 311 3207 cum
326 3149 452 3210 maxima
467 3158 552 3229 parte
566 3152 718 3230 copiarum
733 3155 871 3218 adversus
884 3157 1100 3220 Hasdrubalem
1113 3159 1204 3227 misit,

185 3239 232 3290 νὴ,3
243 3229 351 3291 nonad
362 3232 487 3295 tuendos
499 3235 700 3297 tantummodo
711 3246 825 3303 veteres
837 3242 933 3303 socios
944 3241 1204 3323 conciliandosque

243 3330 348 3384 novos,
369 3315 420 3377 sed
445 3318 533 3378 etiam
561 3318 597 3380 ad
622 3319 793 3400 pellendum
814 3324 953 3404 Hispania
977 3324 1201 3388 Hasdrubalem.

214 3397 305 3474 bipse
325 3414 391 3458 cum
419 3399 578 3463 admodum
601 3405 714 3483 exiguis
734 3409 826 3487 copiis
851 3409 983 3472 Genuam
1015 3412 1125 3490 repetit
1154 3427 1196 3483 ec,

243 3480 294 3556 qui
308 3481 386 3540 circa
400 3481 512 3545 Padum
528 3493 592 3546 erat
607 3491 764 3561 exercitus,
783 3490 897 3556 ltaliam
910 3494 1094 3557 defensurus.
