2575 4067
323 305 502 351 merevin.
525 306 594 351 our.
608 294 634 347 6.
653 286 693 368 [e.
710 288 745 353 0.
759 289 822 374 840]
1012 300 1055 366 te

93 465 183 531 certe,
199 471 269 515 eum
280 461 445 515 commotus
456 456 501 516 ira
512 473 545 515 se
559 456 730 518 arestlbulo
744 457 847 538 templi
858 461 947 522 citato
961 463 1054 541 gradu
1069 473 1086 523 ²

89 539 275 619 proriperet,
296 534 395 617 lapsus
411 555 466 618 per
486 539 597 618 gradus
618 541 714 620 capite
735 542 863 620 graviter
878 544 991 607 offenso
1007 550 1053 610 in·

88 632 194 704 pactus
209 623 271 683 imo
285 622 327 681 lta
340 629 386 684 est
400 640 487 694 saxo,
503 630 537 685 ut
550 623 707 703 sopiretur.
738 626 936 689 exanimatum
951 640 1051 692 aucto·
1066 640 1083 691 t

87 724 139 768 res
159 707 300 788 quoniam
314 722 375 766 non
396 724 499 768 omnes
513 716 596 779 suut,
614 706 689 769 mibi
700 727 818 790 quoque
830 711 863 770 iu
875 711 990 774 incerto
1005 732 1052 775 re·

86 790 192 852 lictum
215 791 268 861 sit,
299 790 376 851 sicut
399 789 479 851 inter
503 790 658 854 foederum
685 802 842 873 ruptorum
865 796 1052 859 testationem

85 876 204 953 ingenti
218 873 336 952 fragore
353 872 428 935 caeli
440 874 602 955 procellam
618 875 758 947 ellurum:
773 886 886 940 namet
902 896 972 941 vera
986 898 1052 943 esse

86 967 117 1019 et
142 965 210 1038 apte
235 956 272 1018 sd
300 958 581 1037 repraesentandam
611 961 686 1023 nam
712 960 800 1025 deum
826 962 894 1025 dcta
917 972 1049 1044 possunt.
1146 963 1149 970 ’

84 1041 256 1121 Torquatus
272 1042 380 1103 misem
394 1041 431 1104 ab
445 1051 550 1106 senatu
567 1043 604 1107 ad
623 1044 814 1107 dimittendos
833 1044 960 1125 legatos,
981 1057 1081 1110 cume

84 1126 235 1186 iacentem
246 1126 375 1187 Annium
390 1126 524 1199 vidisset,
550 1127 706 1200 exclamat,
729 1130 769 1190 ita
783 1138 817 1191 ut
832 1130 944 1210 populo
957 1133 1049 1210 patri·

84 1209 203 1289 busque
218 1209 316 1271 audita
331 1227 386 1271 vox
399 1212 512 1291 pariter
526 1212 578 1273 sit:
593 1212 697 1284 „bene
711 1212 816 1283 habet3
831 1213 873 1275 dli
890 1215 972 1294 pium
986 1234 1050 1276 mo·

83 1311 157 1355 rere
168 1291 290 1355 bellum.
312 1301 358 1354 est
369 1293 496 1357 caeleste
506 1313 631 1366 numen:
648 1313 797 1376 esmaqne
808 1296 954 1378 luppiter:
970 1297 1080 1361 baudo

82 1378 198 1439 trustra
220 1385 250 1437 te
273 1384 389 1457 patrem
409 1378 498 1440 deum
520 1380 734 1461 hominumque
756 1379 812 1443 bac
835 1380 906 1442 sede
922 1385 1048 1444 sacravi·

83 1479 162 1525 mus
186 1460 258 1542 quid
269 1462 398 1534 cessatis,
414 1461 543 1535 Quirites
553 1482 664 1545 rosque
673 1473 774 1545 patres
785 1465 954 1546 conscripti,
968 1471 1081 1528 armat

83 1563 195 1626 capere
211 1543 274 1606 deis
290 1544 432 1608 ducibusi
462 1550 621 1610 sicstratas
631 1548 765 1629 legiones
777 1549 949 1612 Latinorum
961 1549 1047 1621 dabo,

83 1627 336 1710 quemadmodum
346 1629 475 1709 legatum
485 1634 631 1694 iacentem
645 1633 779 1695 videtis.‘⁴
807 1633 935 1696 adsensu
945 1632 1048 1715 populi
1062 1640 1078 1690 7

81 1722 210 1793 excepta
225 1731 281 1775 vox
295 1714 425 1777 consulis
441 1724 556 1780 tautum
571 1716 687 1779 ardoris
701 1719 807 1779 animis
816 1718 902 1790 iecit,
922 1726 954 1781 ut
967 1719 1046 1798 lega·

83 1807 131 1860 tos
142 1797 366 1878 proficiscentes
377 1816 449 1862 cura
460 1802 685 1881 magistratuum
699 1803 801 1882 magis,
817 1803 869 1883 qul
882 1803 964 1866 iussu
976 1819 1046 1864 con·

82 1881 158 1944 sulls
169 1882 442 1963 prosequebantur,
458 1904 547 1965 quam
559 1886 750 1965 iungentium
765 1886 802 1947 ab
817 1887 861 1947 ira
875 1886 1048 1966 impetuque

81 1966 240 2028 hominum
255 1974 379 2045 tegeret

149 2049 305 2112 Consensit
315 2059 345 2112 et
354 2061 473 2114 senatus
483 2051 609 2123 bellum;
622 2052 818 2133 considesque
828 2055 943 2117 duobus
954 2056 1047 2134 scrip·
1061 2062 1079 2113 e

82 2137 121 2198 tis
136 2134 316 2196 exercitibus
332 2153 388 2215 per
404 2135 517 2197 Marsos
532 2136 747 2217 Paelignosque
764 2138 891 2215 proiecti
906 2137 1046 2200 adiuncto

81 2219 260 2281 Samnitium
280 2220 414 2281 exercitu
427 2219 464 2282 ad
481 2218 626 2299 Capuam,
650 2238 709 2300 quo
725 2222 785 2281 iam
801 2220 898 2283 Latini
914 2222 1046 2299 sociique

81 2312 299 2375 convenerant,
322 2312 417 2365 eastra
432 2303 540 2368 locant
576 2303 618 2365 ibl
637 2304 669 2365 in
684 2305 783 2383 quiete
801 2304 918 2384 utrique
932 2302 1046 2363 consuli
1059 2310 1077 2362 0

82 2387 189 2448 eadem
206 2387 313 2449 dinitur
327 2387 388 2449 risa
403 2389 517 2474 species
532 2389 588 2450 riri
603 2389 724 2451 muoris
738 2406 826 2468 quam
842 2405 899 2468 pro
914 2386 1044 2449 humano

80 2470 187 2532 habitu
200 2471 451 2552 augustiorisque,
476 2472 600 2535 dicentis
614 2492 652 2535 ex
668 2491 727 2534 uua
742 2474 805 2535 acie
820 2474 1087 2553 imperatoremm

82 2573 119 2617 ex
132 2554 226 2617 altera
241 2556 404 2618 exercitum
418 2555 481 2619 deis
494 2557 630 2620 manibus
643 2559 789 2638 matrique
804 2557 916 2621 Terrae
931 2556 1043 2618 deberi

82 2640 179 2701 utrius
193 2642 341 2703 exercitus
354 2640 517 2721 imperator
537 2641 671 2722 legiones
687 2644 816 2704 hostium
832 2660 981 2723 superque
995 2659 1044 2703 eas

81 2740 114 2784 se
129 2722 306 2797 devovisset,
331 2725 394 2786 eius
415 2723 516 2806 populi
536 2728 688 2807 partisque
708 2728 859 2789 victoriam
879 2728 954 2789 iore.
987 2726 1042 2787 bos
1053 2730 1083 2783 11

82 2807 135 2868 ubi
149 2813 310 2870 nocturnos
326 2810 404 2871 risus
417 2810 496 2871 luter
510 2829 543 2871 se
561 2808 697 2873 consules
714 2810 918 2879 contulerunt,
933 2810 1044 2890 placuit

82 2893 323 2954 averruncandae
345 2892 433 2955 deum
458 2894 521 2956 irae
548 2895 680 2956 victimas
702 2893 799 2966 caedi,
829 2893 917 2957 simul
941 2900 989 2963 ut,
1016 2893 1043 2952 si

82 2976 158 3036 extis
179 2975 298 3050 eadem,
320 2995 395 3057 quae
414 2978 530 3039 somnio
549 2979 610 3040 risa
628 2976 760 3049 fuerant,
781 2976 1040 3057 portenderentur,

82 3058 227 3121 alteruter
245 3059 400 3122 consulum
415 3060 473 3123 iata
496 3062 633 3142 inpleret.
672 3058 725 3122 ubi
742 3077 886 3140 responsa
907 3057 1084 3138 haruspi·12

82 3161 151 3205 cum
171 3144 313 3206 insidenti
337 3146 397 3206 iam
420 3145 518 3206 animo
534 3147 639 3207 tacitae
664 3143 802 3225 religioni
830 3151 1040 3222 congruerunt,

83 3238 146 3289 tum
162 3227 301 3291 adhibitis
315 3228 420 3308 legatie
434 3227 617 3310 tribunisque
632 3237 663 3290 et
683 3229 815 3308 imperiis
831 3229 920 3290 deum
933 3242 1040 3306 propa·

81 3310 141 3373 lam
157 3314 312 3393 expositis,
336 3332 374 3374 ne
394 3332 476 3376 mors
496 3312 660 3375 voluntaria
676 3312 804 3374 consulis
827 3312 989 3373 exercitum
1009 3311 1041 3371 in

82 3398 144 3457 acle
165 3406 310 3471 terreret,
333 3404 496 3478 conparant
514 3397 593 3458 inter
613 3413 661 3469 se,
691 3405 724 3459 ut
746 3396 782 3458 ab
804 3404 870 3458 utra
885 3401 970 3476 parte
990 3414 1039 3457 ce·
1051 3403 1083 3454 13

82 3477 154 3541 dere
174 3481 325 3544 Romanus
346 3483 492 3543 exercitus
514 3481 676 3559 coepisset,
698 3480 768 3542 inde
782 3498 814 3543 se
834 3478 938 3542 consul
953 3478 1040 3542 devo·

82 3572 164 3625 reret
179 3583 234 3645 pro
254 3565 365 3646 populo
381 3567 514 3628 Romano
530 3564 760 3648 Quiritibusque.
795 3567 937 3645 agitatum
951 3566 1039 3627 etiam
1050 3571 1082 3621 14
