2575 4067
18 261 20 310 i

251 282 345 326 umes
360 283 404 326 vn
421 283 487 327 osa.
505 247 586 347 ifle.
603 261 638 328 0.
653 247 792 351 aoossuus]
991 277 1009 333 3

108 431 144 493 il.
169 432 206 493 Et
221 429 279 492 hoc
293 438 324 492 et
336 431 504 512 insequenti
515 449 593 494 anno
608 432 639 495 C.
656 432 784 514 Sulpicio
795 435 896 497 Petico
912 436 943 498 C.
961 437 1009 498 u·
1026 447 1037 497 t

41 517 121 577 cinio
139 515 262 577 Stolone
278 513 448 577 consulibus
461 514 629 595 pestilentie
644 516 708 578 init.
746 536 781 579 eo
795 519 868 580 nibli
887 520 1039 600 dignuma

40 601 190 661 memoria
205 605 319 671 aetum,
336 599 393 659 nisi
408 599 486 679 quod
502 601 584 679 pacis
600 600 688 662 deum
703 602 905 681 exposcendae
921 622 1008 667 causa

40 684 133 745 tertio
157 690 219 745 tum
242 689 310 763 post
336 682 484 745 conditam
508 683 614 745 urbem
636 682 850 747 lectisternium
872 688 934 748 luit.
980 696 1038 749 eta

40 784 110 828 cum
132 767 176 827 vis
197 764 294 828 morbi
309 784 364 827 nec
379 766 516 829 humanis
536 767 666 830 consiliis
678 786 734 830 nec
749 787 805 848 opo
819 768 916 831 divina
929 769 1006 832 lova·

39 859 137 924 retur,
150 851 233 912 victis
247 850 455 931 superstitione
466 852 571 913 animis
581 850 643 913 iudi
654 870 770 933 quoque
784 854 920 924 scaenici,
934 872 1007 916 nova

39 952 91 997 res
110 933 253 996 bellicoso
267 932 376 1014 populo
393 968 430 980 -
450 953 518 996 nam
535 936 607 997 circi
622 935 710 998 modo
726 935 925 1016 spectaculum
943 938 1005 999 ina·

39 1025 88 1081 rat
104 1053 160 1090 -,
183 1016 332 1079 lateralia
351 1017 486 1081 caelestis
505 1020 566 1080 irae
579 1018 744 1099 placamina
765 1020 889 1083 instituti
903 1020 1006 1083 dicun·

39 1109 100 1165 tur.
136 1109 268 1165 ceterum
283 1119 373 1182 parva
388 1120 519 1184 quoque,
534 1113 567 1164 ut
583 1102 678 1165 ferme
692 1104 838 1184 principia
853 1106 959 1174 omnia,
977 1113 1038 1168 ets

39 1204 76 1248 ea
89 1188 157 1266 ipsa
171 1188 328 1266 peregrina
344 1203 393 1248 res
403 1186 468 1248 fuit.
498 1188 562 1249 sine
578 1189 709 1249 carmine
724 1186 793 1259 ulio,
808 1189 872 1250 sino
889 1190 1005 1251 imitan-

40 1270 150 1332 dorum
166 1271 330 1333 carminum
344 1276 410 1332 actu
425 1269 560 1333 iuuenes
579 1289 615 1332 or
625 1270 744 1333 Etruria
758 1272 842 1332 acciti
859 1272 896 1333 ed
911 1271 1005 1334 tibici-

39 1356 87 1416 nis
99 1353 206 1416 modos
220 1352 360 1416 saltantes
373 1352 451 1416 baud
465 1354 622 1417 indecoros
635 1363 734 1417 motus
749 1372 833 1416 more
846 1355 942 1417 'lusco
956 1356 1006 1417 da·

39 1436 123 1500 bam.
160 1437 270 1499 imitari
290 1437 397 1499 deinde
419 1455 470 1500 eos
483 1439 627 1510 iuventam
646 1437 733 1500 simul
753 1438 911 1501 inconditis
928 1440 1038 1501 iniero

38 1539 72 1582 se
85 1519 231 1584 iocularia
242 1520 398 1583 fundentes
410 1520 550 1593 uersibus,
563 1540 704 1601 eoepore;
722 1541 777 1584 nec
793 1521 895 1584 absoni
905 1541 922 1584 a
933 1541 1005 1585 voce

38 1613 139 1668 motus
150 1612 246 1667 erant
276 1611 396 1685 accepto
409 1606 508 1686 itaquo
524 1623 573 1667 res
587 1607 762 1686 saepiusque
772 1606 942 1686 usurpando
954 1626 1004 1669 ax·
1018 1616 1036 1669 o

39 1690 139 1751 citata.
164 1687 330 1751 uernaculis
344 1688 513 1760 artificibus,
530 1690 598 1771 quia
612 1691 685 1752 ister
695 1688 791 1751 Tusco
807 1689 897 1751 verbo
907 1689 1005 1753 ludius

38 1772 211 1844 vocabatur,
221 1790 331 1834 nomen
342 1772 533 1835 histrionibus
544 1773 679 1845 inditum,
692 1774 822 1853 quinon,
835 1775 911 1836 sicut
926 1784 1003 1847 ante,
1018 1785 1034 1834 a

39 1857 227 1921 Fescennino
240 1874 327 1918 versu
341 1855 466 1919 similem
478 1858 707 1938 incompositum
721 1865 835 1919 nmero
850 1876 884 1919 ac
898 1858 1003 1919 rudem

39 1940 165 2004 alternis
176 1939 329 2011 iaciebant,
342 1940 394 2002 sed
405 1939 531 2021 inpletas
544 1940 640 2003 modis
652 1948 766 2003 satum
783 1941 930 2022 descripto
945 1945 1002 2002 ‘ram

39 2025 76 2086 ad
89 2024 244 2086 tibicinem
256 2032 344 2086 cantu
358 2033 498 2105 motuque
511 2026 687 2105 congruenti
696 2025 885 2106 peragebant
906 2025 1004 2087 Lirim
1018 2035 1035 2086 8

38 2116 109 2187 post
128 2107 240 2188 aliquot
256 2126 363 2179 annos,
380 2110 430 2190 qui
446 2108 483 2170 ab
499 2111 607 2172 saturis
621 2127 709 2171 ausus
727 2117 771 2169 est
786 2110 901 2189 primus
915 2127 1003 2187 argu·

39 2201 143 2254 mento
157 2191 286 2254 fabulam
302 2209 417 2264 serere,
433 2193 511 2254 idem
529 2191 654 2263 scilicet,
674 2190 705 2251 id
725 2191 803 2270 quod
820 2210 923 2253 omnes
941 2200 1002 2252 ium

38 2282 134 2348 crant,
152 2294 272 2338 suorum
288 2277 452 2339 carminum
466 2285 557 2345 actor,
574 2274 691 2345 (licitur,
704 2292 771 2334 cum
786 2275 903 2353 saepius
918 2291 1002 2334 revo-
1017 2284 1034 2335 a

38 2367 124 2422 catus
138 2377 241 2422 vocem
258 2360 428 2432 obtulisset,
439 2361 524 2422 venie
538 2360 630 2440 petito
643 2374 770 2440 puerum
785 2356 821 2419 ari
838 2354 1003 2418 canendum

38 2451 109 2506 ante
130 2442 282 2506 tibicinem
301 2462 369 2507 cum
391 2445 551 2516 statuisset,
574 2444 721 2506 canticum
742 2442 838 2521 egisse
854 2438 1002 2521 aliquanto

39 2529 136 2607 magis
151 2529 268 2606 vigente
278 2535 369 2600 motu,
384 2529 452 2609 quia
465 2527 539 2590 nihil
553 2528 632 2590 vocis
649 2544 719 2589 usus
734 2523 910 2607 inpediebat.
932 2524 1002 2586 inde
1012 2533 1045 2586 10
1106 2570 1112 2592 r

38 2612 76 2675 ad
92 2628 213 2673 manum
229 2613 341 2673 cantari
360 2612 553 2675 histrionibus
573 2620 710 2692 coeptum
731 2607 919 2690 diverbiaque
937 2616 1001 2670 tan·

38 2704 103 2757 tum
117 2696 249 2774 ipsorum
263 2696 327 2757 roci
348 2695 460 2758 rehem.
499 2703 655 2777 postquam
674 2693 739 2774 lege
759 2694 816 2757 bac
836 2691 1001 2755 fabularum
1012 2702 1042 2755 ll

38 2779 77 2841 ab
96 2781 158 2841 risu
179 2797 213 2841 ac
235 2778 331 2842 soluto
351 2780 415 2842 ioco
435 2797 485 2843 res
503 2778 680 2842 avocabatur
701 2786 730 2839 et
755 2776 841 2839 ludus
862 2778 893 2840 in
907 2783 1002 2839 artem

38 2861 182 2944 paulatim
192 2871 330 2935 verterat,
342 2863 476 2926 iuventus
488 2862 680 2926 histrionibus
691 2860 864 2923 fabellarum
877 2869 944 2924 actu
955 2878 1004 2923 re·

39 2946 110 3008 licto
131 2948 193 3028 ipsa
211 2949 288 3010 inter
308 2966 341 3011 se
362 2966 445 3010 more
460 2948 580 3028 antiquo
599 2942 724 3007 ridicula
742 2946 854 3006 intexta
868 2944 1002 3007 versibus

38 3030 174 3093 iactitare
191 3034 296 3114 coepit,
312 3050 387 3113 qnae
404 3031 508 3094 exodia
524 3038 628 3111 postea
645 3027 789 3110 appellata
804 3036 999 3106 consertaque

38 3112 156 3176 fabellh
174 3118 359 3195 potissimum
374 3116 515 3179 Atellanis
534 3122 612 3178 sunt.
649 3112 728 3194 quod
750 3130 842 3192 genus
863 3110 999 3174 ludorum
1012 3111 1050 3162 12

39 3196 78 3260 ab
90 3196 174 3260 Oscis
186 3208 340 3283 acceptum
354 3201 450 3265 tenuit
459 3200 602 3277 iuventus,
617 3216 674 3264 nec
684 3197 721 3263 ab
735 3195 927 3263 histrionibus
937 3193 1003 3277 pol·

10 3315 12 3322 ι
38 3282 81 3343 lui
93 3301 180 3362 passa
197 3293 255 3348 est:
273 3305 308 3349 eo
325 3288 491 3351 institutum
504 3295 613 3363 manet,
630 3297 663 3354 ut
675 3296 790 3353 actores
800 3286 1000 3353 Atellanarum

38 3382 95 3427 nec
108 3366 188 3428 tribu
207 3378 381 3434 moveantur
396 3382 426 3434 et
440 3374 594 3453 stipendia,
611 3382 760 3455 tamquam
774 3382 909 3456 expertes
927 3376 998 3437 artis

38 3447 177 3522 ludicrae,
196 3450 314 3518 iaciant.
343 3457 421 3518 inter
437 3454 560 3518 aliarum
574 3475 665 3537 parra
678 3459 822 3540 principia
835 3450 937 3522 rer'unr
952 3457 1042 3521 iuli

38 3531 141 3596 dorum
159 3552 277 3618 quoque
291 3540 386 3618 prima
398 3542 481 3620 origo
492 3541 630 3623 ponenda
644 3542 704 3604 risa
719 3552 771 3614 est
787 3550 820 3604 ut
833 3552 998 3624 appareret.

752 3627 794 3694 1*
