2575 4067
210 229 272 289 254
397 241 489 283 ursan
503 241 567 288 xxc
582 229 710 320 ωδε.
721 228 763 282 59.
781 220 820 302 [a.
835 244 866 283 n.
881 240 906 282 c.
922 223 984 304 530]

183 395 288 448 tesset
307 388 444 449 manebat
461 390 558 450 omnia
578 387 786 467 perscindente
807 399 893 451 vento
909 398 939 451 et
958 391 1101 470 rapiente.
1143 404 1175 454 et

209 488 278 532 mox
299 489 373 551 aqua
393 471 486 534 levata
502 481 602 542 vento,
628 490 695 533 cum
715 490 804 552 super
826 473 921 555 gelida
936 475 1080 535 montium
1099 478 1174 555 iuga

211 565 348 616 concreta
363 564 453 626 esset,
466 564 578 618 tantum
590 558 707 616 nivosae
722 557 872 635 grandinis
884 557 1004 627 deiecit,
1023 567 1056 619 nt
1072 562 1171 621 omni-
1206 617 1210 623 .

209 639 265 700 bus
279 641 396 703 omissis
410 639 641 721 procumberent
652 640 787 702 homines
799 641 978 719 tegminibus
994 643 1054 703 suis
1075 646 1175 722 magis

183 722 309 784 bobruti
323 742 410 803 qnam
430 725 509 785 tccti.
539 732 678 802 tantaque
698 725 740 785 vis
761 724 880 802 frigoris
901 726 1033 786 insecuta
1055 735 1113 797 est,
1139 735 1174 788 nt

210 826 246 868 er
259 806 309 868 illa
324 806 485 869 miserabili
499 807 651 868 bominum
668 809 926 889 iumentorumque
938 817 1037 887 strage
1054 826 1122 871 cum
1139 829 1171 871 sc

210 892 332 970 quisque
346 890 487 953 extollere
505 908 540 951 ac
552 888 650 952 levare
665 889 766 961 vellet,
784 892 834 952 diu
851 895 999 972 nequiret,
1024 895 1093 972 quia
1107 901 1170 954 tor·

169 981 200 1034 10
211 974 351 1054 pentibus
365 977 464 1053 rigore
475 975 573 1035 nervis
584 976 632 1036 vix
645 974 766 1036 flectere
777 984 859 1036 artus
872 984 1019 1056 poterant.
1052 977 1171 1048 deinde,

208 1067 242 1119 ut
261 1058 380 1120 tandem
403 1056 538 1137 agitando
561 1077 626 1119 sese
649 1077 769 1120 movere
791 1078 825 1120 ac
851 1062 987 1138 recipere
1006 1061 1121 1122 animos
1143 1070 1173 1122 et

209 1143 284 1204 raris
301 1141 375 1204 locis
391 1144 468 1220 ignis
489 1143 553 1202 lieri
571 1151 616 1203 est
631 1150 767 1221 coeptus,
790 1143 827 1203 ad
844 1143 970 1204 alienam
985 1161 1072 1223 opem
1090 1146 1170 1223 quis·

169 1234 268 1306 tique
288 1226 375 1305 inops
394 1226 526 1288 tendere
568 1225 691 1287 biduum
713 1244 748 1287 eo
767 1225 832 1287 loco
855 1226 932 1288 velut
952 1226 1063 1287 obsessi
1077 1246 1174 1288 man·

209 1328 285 1371 sere.
314 1309 399 1372 multi
409 1310 560 1380 homiues,
576 1309 668 1371 multa
680 1311 827 1379 iumenta,
844 1310 993 1389 elephanti
1005 1328 1122 1390 qunque
1135 1330 1173 1371 ex

208 1395 259 1465 lis,
283 1397 334 1474 qui
356 1393 469 1474 proelio
492 1393 527 1454 ad
550 1393 688 1454 Trebiam
709 1392 787 1455 iacto
809 1394 1030 1473 superfuerant,
1056 1402 1170 1473 septem

210 1476 367 1556 absumpti.

183 1570 195 1619 1
273 1560 345 1622 nix.
378 1559 540 1639 Depressus
553 1560 707 1638 Apennino
723 1569 804 1620 retro
820 1559 857 1620 ad
875 1558 1055 1620 Placentiam
1073 1569 1172 1621 castra

209 1646 314 1714 movit,
337 1653 366 1704 et
386 1643 422 1703 ad
443 1642 545 1703 decem
565 1642 645 1704 milia
665 1660 840 1722 progressus
861 1643 1002 1704 consedit.
1049 1652 1174 1723 postero

210 1727 258 1787 die
277 1725 431 1786 duodecim
453 1724 532 1785 milia
555 1725 702 1805 peditum,
726 1729 854 1805 quinque
876 1728 1007 1806 equitum
1030 1727 1172 1788 adversus

181 1809 326 1871 ahostem
347 1807 436 1869 ducit.
468 1825 524 1868 nec
538 1809 730 1888 Sempronius
742 1808 845 1870 consul
860 1843 902 1855 -—
917 1812 976 1870 iarn
991 1813 1068 1871 enim
1091 1811 1172 1871 redi-

210 1901 275 1953 erat
294 1891 330 1952 ab
349 1891 442 1954 Roma
456 1925 499 1937 -
512 1892 685 1953 detrectavit
705 1902 870 1954 certamen:
894 1901 981 1972 atque
999 1912 1034 1955 eo
1046 1893 1094 1955 die
1112 1896 1172 1955 tria

182 1976 289 2037 tmilia
304 1994 422 2055 passum
437 1977 516 2037 inter
536 1975 606 2039 bina
622 1983 717 2037 castra
737 1977 830 2037 luere.
860 1985 979 2055 postero
996 1977 1044 2038 die
1064 1979 1172 2056 iugen-

210 2059 288 2121 tibus
302 2061 407 2121 animis
422 2061 503 2122 vario
520 2068 625 2121 everrtu
640 2068 803 2139 pugnatum
820 2068 874 2120 est.
910 2061 1006 2140 primo
1021 2078 1173 2122 concursu

209 2143 283 2206 adeo
299 2163 347 2206 res
361 2143 493 2206 Romana
507 2146 642 2223 superior
657 2143 725 2214 init,
747 2151 854 2204 utnon
868 2146 930 2204 acie
950 2145 1102 2205 vincerent
1121 2164 1171 2206 so·

209 2228 284 2300 lum,
304 2229 356 2289 sed
371 2227 471 2307 pulsos
485 2228 585 2304 hostes
598 2229 629 2288 in
644 2236 739 2288 castra
754 2235 1018 2306 persequerentur,
1034 2245 1104 2289 mox
1120 2246 1172 2289 ca·

180 2320 268 2374 nstra
285 2330 402 2392 quoque
419 2320 634 2391 oppugnarent.
665 2309 811 2371 llannibal
825 2311 927 2389 paucis
940 2313 1172 2390 propugnatori·

209 2396 264 2458 bus
284 2397 314 2456 in
329 2394 403 2461 vallo
423 2397 574 2475 portisque
595 2395 699 2474 positis
716 2402 830 2454 ceteros
845 2394 993 2454 consertos
1012 2395 1043 2454 in
1071 2395 1171 2456 media

209 2488 305 2540 castra
315 2480 441 2558 recepit,
457 2482 644 2557 intentosque
656 2479 771 2556 siguum
787 2477 824 2537 ad
835 2478 1050 2556 erumpendum
1061 2496 1171 2557 expec-

185 2569 275 2621 ntarc
290 2560 381 2622 iubet.
410 2563 469 2622 iam
484 2580 561 2622 nona
577 2561 671 2622 iorme
684 2561 742 2621 diei
759 2561 833 2621 bora
845 2569 922 2629 erat,
940 2578 1007 2622 cum
1018 2560 1172 2622 Romanus

209 2643 387 2721 nequiquam
412 2643 531 2721 fatigato
547 2643 656 2712 milite,
677 2651 832 2723 postquam
849 2642 929 2704 nulla
949 2662 1017 2723 spes
1032 2652 1096 2704 erat
1114 2663 1170 2722 po·

181 2724 303 2787 otiundi
318 2726 435 2796 castris,
459 2727 574 2804 siguum
589 2728 722 2806 receptui
738 2726 826 2788 dedit.
857 2726 935 2806 qnod
955 2727 1005 2789 ubi
1020 2727 1169 2788 Hannibal

209 2810 323 2889 accepit
343 2808 527 2889 laxatamque
545 2827 675 2888 pugnam
698 2819 727 2871 et
752 2828 902 2872 recessum
923 2830 940 2870 a
961 2813 1065 2872 castris
1085 2810 1169 2882 vidit,

209 2893 355 2973 extemplo
370 2893 518 2974 equitibus
532 2893 633 2955 dextra
647 2893 786 2974 laevaque
801 2896 915 2955 emissis
927 2895 959 2953 in
973 2893 1088 2954 hostem
1103 2895 1170 2973 ipsc

180 2990 276 3040 tcum
297 2977 428 3056 peditum
449 2978 557 3039 robore
581 2978 685 3039 mediis
704 2979 807 3039 castris
827 2979 933 3057 erupit.
978 2994 1077 3056 pugna
1097 2995 1171 3039 raro

208 3063 300 3141 magis
314 3061 373 3123 ulla
389 3080 472 3122 saeva
488 3069 538 3122 aut
551 3063 808 3142 utriusquepartis
821 3061 953 3140 pernicie
967 3059 1075 3121 clarior
1094 3060 1167 3122 iuis·

182 3153 267 3216 tset‚
289 3147 314 3206 si
326 3144 444 3206 extendi
461 3163 525 3206 eam
542 3144 604 3205 dies
625 3146 656 3205 in
679 3143 799 3222 longum
815 3145 941 3223 spatium
956 3140 1085 3214 sivissct3
1107 3162 1168 3206 nox

209 3228 540 3306 accensumingcntibus
547 3230 651 3290 animis
661 3228 808 3308 proelium
815 3228 941 3289 diremit.
962 3229 1061 3307 itaque
1069 3228 1168 3288 acrior

209 3327 370 3374 concursus
384 3313 439 3373 init
449 3330 536 3392 quam
552 3311 671 3383 caedes,
693 3321 723 3373 et
737 3313 811 3373 sicut
824 3320 947 3390 aequata
958 3309 1053 3371 ferme
1066 3328 1167 3389 pugna

206 3404 284 3464 erat,
300 3397 341 3455 ita
354 3394 436 3456 clade
446 3398 511 3474 pari
527 3397 687 3457 discessum
699 3404 752 3457 est.
781 3394 817 3455 ab
832 3404 937 3455 neutra
951 3401 1036 3473 parte
1047 3411 1167 3454 scscen·
1207 3442 1216 3459 .

179 3477 243 3535 titis
264 3475 330 3554 plus
349 3476 497 3554 peditibus
517 3488 547 3539 et
561 3478 713 3540 dimidium
729 3481 791 3539 eius
812 3479 943 3557 equitum
966 3476 1079 3537 cecidit.
1111 3476 1167 3538 sed
