2575 4067
14 355 16 372 l

263 250 357 292 areae
368 248 422 291 vu.
439 248 508 291 uae.
526 237 566 287 ιι.
585 236 624 289 13.
641 229 681 311 [a.
694 232 729 292 O.
743 237 804 291 359.
818 230 882 312 358]
1013 236 1051 299 13

90 400 275 478 aliquantum
283 396 422 458 Gallicam
433 396 723 468 ierocramrinceret
738 396 1051 477 dictatorrneutiquam
1062 405 1090 457 ιι

88 479 236 562 placebat,
253 480 371 559 quando
387 479 466 542 nulla
477 486 598 557 cogeret
611 497 669 549 res,
679 482 814 543 fortunae
824 481 1050 543 secommittere

89 565 234 628 adversus
249 563 378 633 hostem,
393 581 481 641 quem
495 571 612 642 tempus
624 561 801 624 deteriorem
815 565 847 625 ia
864 563 927 625 dies
938 572 967 625 et
977 563 1050 626 locis

89 648 198 710 alienis
216 647 327 708 iaceret
340 648 404 706 sine
418 654 592 726 praeparato
607 654 786 716 commeani,
808 647 871 707 sine
886 647 971 708 drmo
986 666 1050 710 mu·

90 735 226 794 nimenta
237 739 411 799 morantem,
427 729 464 791 ad
476 729 532 789 boo
545 729 582 789 ils
596 727 771 807 corporibus
784 729 962 809 animisque,
978 748 1050 810 quo·

88 833 161 876 rum
176 815 272 875 omnis
286 815 318 874 in
334 816 448 892 impetu
465 812 507 873 ris
522 820 607 881 esset
626 830 715 891 parva
726 810 829 875 eadem
845 810 1051 890 languesceret

29 935 32 943 ι
88 917 187 960 mora.
212 896 258 958 bis
276 895 405 958 consiliis
428 894 552 957 dictator
568 894 679 956 bellum
700 895 848 966 trahebat,
872 913 1048 976 gravemque
1060 904 1092 954 ιι

90 982 227 1042 edixerat
246 997 385 1059 poenam,
405 980 431 1040 si
452 979 518 1057 quis
544 979 658 1041 iniussu
683 980 715 1041 in
738 979 853 1041 bostem
880 989 1048 1058 pugnasset.

90 1063 202 1125 milites
217 1080 305 1141 aegre
319 1061 350 1122 id
364 1063 511 1144 patientes
523 1063 620 1142 primo
641 1063 674 1122 in
692 1061 866 1125 stationibus
886 1060 1049 1141 vigiliisque

90 1150 172 1209 inter
186 1163 218 1208 se
233 1146 406 1208 dIctatorem
420 1144 608 1208 sermonibus
621 1163 759 1225 carpere,
781 1145 930 1207 interdum
951 1154 1049 1225 patres

91 1231 290 1292 communiter
306 1230 475 1309 increpare,
501 1228 580 1310 quod
594 1246 655 1290 non
670 1230 824 1290 iussissent
839 1247 894 1309 per
913 1229 1049 1290 consules

90 1316 158 1393 geri
173 1311 298 1374 bellum:
314 1310 439 1378 electum
454 1329 518 1372 esse
535 1313 674 1374 eximium
686 1314 909 1392 imperatorem,
926 1312 1046 1372 unicum
1059 1318 1090 1370 tt

90 1398 216 1466 ducem,
238 1398 288 1475 qrri
306 1394 379 1457 nibil
396 1397 495 1474 agenti
513 1395 570 1456 sibi
584 1394 621 1457 de
642 1395 724 1458 eaelo
743 1394 942 1457 devolaturam
962 1397 994 1455 in
1007 1396 1047 1456 si·

90 1499 165 1543 num
180 1480 333 1540 victoriam
348 1486 475 1542 censeat.
512 1479 614 1540 eadem
626 1478 733 1541 deinde
747 1479 821 1541 baec
835 1477 965 1540 interdiu
978 1496 1047 1558 pro·

82 1563 240 1645 patanae
255 1561 401 1623 ferociora
415 1562 462 1622 bis
475 1563 599 1623 iactare:
618 1579 651 1623 se
666 1564 779 1624 iniussu
795 1563 983 1643 imperatoris
999 1574 1048 1624 aut

89 1647 283 1710 dimicaturos
298 1652 348 1708 aut
364 1645 481 1724 agmine
495 1645 618 1707 Romam
630 1647 733 1708 ituros.
767 1646 976 1726 inmiscerique
990 1647 1046 1707 iam
1060 1653 1089 1704 ιι

89 1728 234 1791 militibus
252 1730 454 1798 centuriones,
476 1730 576 1790 necin
592 1728 710 1790 circadis
723 1728 811 1790 modo
827 1730 969 1799 tremere,
995 1729 1048 1789 sed

89 1815 150 1875 lam
170 1813 202 1871 in
216 1812 369 1892 principiis
383 1829 417 1873 ac
431 1813 579 1892 praetorio
589 1813 621 1873 in
635 1830 728 1874 unum
742 1830 893 1875 sermones
908 1812 1049 1874 conlundi

90 1906 181 1976 atque
196 1896 227 1956 in
246 1896 391 1956 contionis
414 1895 644 1973 magnitudinem
664 1913 799 1957 crescere
820 1895 905 1958 turba
924 1905 955 1957 et
971 1898 1048 1956 rocl-

90 1980 192 2041 lerare
206 1996 243 2039 ex
253 1976 389 2042 omnibus
402 1975 488 2049 locis,
502 1987 535 2041 ut
546 1978 692 2060 extemplo
707 1978 743 2042 ad
755 1979 928 2041 d1ctatorem
944 1980 1047 2047 iretur,

90 2061 183 2123 verba
188 2079 244 2140 pro
251 2062 382 2124 exercitu
389 2062 574 2124 laceretSex
575 2062 697 2133 Tullius,
705 2072 737 2124 ιιι
743 2064 849 2125 virtute
856 2065 919 2124 elus
925 2062 1048 2141 dignum

91 2153 181 2207 esset.
222 2144 299 2206 Xlll
326 2144 490 2223 Septimum
505 2144 669 2225 primump
669 2144 741 2206 ilum
758 2148 817 2206 iam
830 2145 944 2206 Tullius
959 2146 1047 2207 duce·
1064 2152 1076 2201 1

90 2228 152 2298 bat,
168 2246 264 2307 neque
276 2229 360 2289 erat
352 2244 383 2287 m
393 2227 533 2298 exercitu,
549 2228 598 2306 qui
613 2226 732 2307 quidem
745 2227 892 2307 pedestria
903 2226 1047 2308 stipendia

90 2313 224 2381 leotsset,
240 2312 284 2370 vir
299 2310 383 2372 iactis
397 2308 535 2372 nobilior.
567 2311 593 2371 is
607 2309 789 2390 praecedens
801 2307 928 2371 militum
942 2328 1047 2388 agmen
1063 2317 1079 2365 e

91 2395 128 2458 ad
144 2392 274 2456 tribunal
287 2394 384 2492 pergit
398 2394 575 2493 ιιιὶιιιιιὶᾳιιι
592 2392 722 2474 Sulpicio
738 2410 799 2454 non
823 2394 938 2455 turbam
955 2393 1048 2471 magis

90 2497 181 2558 quam
201 2476 304 2539 turbae
325 2477 490 2556 principem
512 2476 655 2549 Tullium,
679 2478 812 2558 immriis
824 2476 1048 2539 oboedientissi-

90 2578 175 2623 mum
188 2559 325 2622 militem:
341 2558 487 2632 „scilieet
506 2559 657 2623 dictator“
671 2563 780 2641 inquit,
797 2560 1047 2634 „condemnatum
1062 2564 1079 2616 ι

89 2664 124 2707 se
135 2645 289 2706 universus
298 2644 444 2708 exercitus
460 2662 477 2704 a
491 2654 521 2704 te
534 2645 666 2723 ignaviae
677 2654 758 2707 ratus
773 2654 802 2707 et
815 2663 909 2725 prope
922 2644 1047 2724 gnomi-

90 2730 160 2790 niae
175 2744 262 2788 causa
281 2725 450 2788 destitutum
465 2728 529 2789 sine
544 2730 633 2790 armis
648 2730 741 2790 orarit
757 2747 817 2800 me,
832 2737 866 2790 ut
880 2746 963 2790 suam
979 2745 1047 2789 eau-

90 2829 156 2872 sam
176 2810 253 2890 apud
273 2820 303 2872 te
328 2827 457 2889 agerem.
492 2811 641 2890 equidem,
665 2810 758 2873 sicubi
780 2811 845 2873 loco
868 2829 998 2882 cessum,
1023 2811 1079 2873 sil

92 2902 176 2971 terga
193 2893 259 2956 data
272 2893 366 2963 hosti,
381 2895 406 2954 si
416 2893 500 2972 signa
511 2894 597 2956 ioede
609 2897 714 2956 amissa
729 2894 806 2956 obici
819 2894 905 2955 nobis
918 2902 1047 2974 possent,

92 2985 192 3039 tamen
206 2976 264 3038 boc
281 2986 341 3039 ate
355 2980 509 3058 impetrari
526 2997 651 3058 aequum
667 2995 838 3048 censerem,
861 2985 894 3038 ut
914 2995 969 3038 nos
990 2977 1047 3035 rir-

92 3069 156 3122 tute
167 3059 282 3140 culpam
294 3070 425 3123 nostram
438 3063 588 3142 corrigere
599 3069 628 3123 ct
635 3059 753 3124 abolere
764 3061 865 3140 flagitii
876 3059 1047 3121 memoriam

92 3161 177 3297 gova
183 3141 276 3222 gloria
290 3146 442 3223 patereris
474 3144 617 3290 etiam
627 3146 721 3298 bliapr
736 3145 823 3289 luigni
832 3144 969 3285 legionesf
979 3159 1047 3287 eatp-
1063 3147 1079 3196 i

113 3245 162 3288 em
238 3246 285 3290 am
330 3246 363 3289 er
404 3246 522 3290 arerem
618 3247 688 3291 eran
767 3248 784 3291 a
824 3247 871 3290 am
920 3244 954 3285 ro
967 3242 1002 3285 ec
1031 3243 1048 3284 e

91 3246 439 3390 posteaqaul'eiispvirdrte
453 3329 677 3392 recuperavere.
706 3248 792 3372 nodis
813 3244 1048 3387 deumpbenigni

92 3401 171 3465 tate,
186 3393 325 3456 felicitate
342 3403 391 3457 tua
412 3394 571 3474 populique
591 3394 716 3456 Romani
736 3403 765 3455 et
783 3412 833 3455 res
850 3402 880 3455 et
896 3390 1050 3472 gloriaest

91 3477 218 3557 integra
249 3496 426 3558 quamquam
441 3478 477 3539 de
494 3476 587 3555 gloria
603 3478 650 3539 rix
666 3477 765 3538 dicere
784 3479 890 3548 ausim,
909 3478 935 3539 si
949 3495 1004 3538 nos
1020 3481 1078 3536 ete
