2575 4067
201 165 203 172 Ι
280 231 372 271 omns
386 230 462 272 xxu.
479 230 547 272 oar.
563 218 607 272 39.
621 217 666 272 40.
682 210 722 291 [a.
738 212 773 273 0.
788 211 850 291 210]
983 215 1046 278 297

86 389 167 437 terra
187 392 282 453 neque
308 377 383 436 mari
407 386 452 436 est
478 394 550 454 pan
576 375 674 435 nullae
695 394 761 435 eum
781 375 871 436 urbes
890 377 1045 455 accipiunt,

86 458 168 519 nulla
183 460 314 527 moenia;
330 457 403 517 nihil
418 477 541 536 usquam
555 460 601 519 sul
615 457 708 525 ridet3
725 461 756 517 in
772 457 849 519 diem
863 468 947 537 rapto
961 460 1044 527 virit3

86 552 203 621 partem
223 542 271 599 vix
291 542 407 600 tertiam
428 543 574 602 exereitus
593 542 657 601 eius
675 540 777 610 habet,
801 558 888 619 quem
903 540 1045 602 Hiberum
1057 549 1089 600 tt

86 642 205 685 amnem
229 625 359 692 traiecit:
383 622 484 702 plures
500 623 577 685 lame
596 642 685 702 quam
706 624 787 684 terro
808 623 968 702 absumpti
991 641 1047 683 nee

85 708 134 769 bis
160 723 262 785 paneas
285 708 343 767 iam
375 708 468 768 victus
495 707 670 788 suppeditat.
722 706 838 767 dubitas
863 723 948 783 ergo,
974 708 1089 786 quintt

85 789 219 853 sedendo
233 791 400 869 superaturi
415 792 506 851 simus
520 809 604 860 eum,
621 792 672 870 qui
688 797 823 851 senescat
835 791 866 849 in
887 789 964 858 dies,
986 807 1047 851 non

86 880 284 943 commeatus,
313 891 373 934 non
393 873 643 954 supplementum,
669 891 730 935 non
748 875 904 952 pecuniam
922 872 1047 933 babeat?

86 976 177 1035 quam
193 955 242 1016 diu
261 973 316 1035 pro
331 956 483 1027 Gereonii,
506 956 617 1017 castelli
629 956 751 1036 Apuliae
765 957 875 1036 inopis,
896 964 1044 1035 tamquam
1056 962 1089 1014 lt

87 1058 143 1119 pro
155 1038 338 1117 Carthaginis
349 1039 504 1101 moenibus
513 1042 608 1101 sedet!
621 1039 674 1100 sed
686 1059 723 1100 ne
735 1039 874 1101 adversus
884 1048 914 1101 te
925 1038 1044 1118 quidem
1056 1046 1087 1097 1⁷

86 1141 144 1201 ege
163 1121 326 1199 gloriabor:
347 1123 400 1185 Cn.
421 1123 561 1184 servilius
581 1132 669 1202 atque
689 1121 807 1193 tutius,
828 1124 956 1202 proximi
976 1140 1046 1182 cen·

85 1205 180 1275 eules,
208 1206 288 1276 vide,
316 1224 404 1285 quem
427 1207 604 1268 admodum
628 1224 696 1266 eum
715 1205 855 1267 ludllloatl
875 1207 943 1267 sint.
974 1205 1048 1265 baed

87 1307 147 1351 una
162 1288 263 1350 salutls
278 1298 323 1351 est
336 1291 395 1360 via,
411 1290 445 1351 L.
459 1290 564 1360 Paule,
587 1308 675 1370 quam
690 1288 838 1351 dillleilem
852 1289 1048 1360 infestamque

86 1376 166 1434 eires
177 1372 230 1432 tibi
240 1375 333 1450 magis
347 1391 435 1452 quam
450 1375 550 1435 hostes
559 1374 677 1435 lactent.
707 1374 785 1434 idem
801 1374 880 1434 enim
894 1379 950 1443 tut,
967 1378 1045 1451 quod
1057 1378 1090 1429 ts

86 1457 216 1517 bostium
231 1456 339 1517 milites
348 1456 460 1527 volent,
474 1457 553 1518 idem
566 1457 660 1518 Varro
674 1455 777 1517 oonsul
787 1455 953 1526 Romanus,
966 1454 1045 1534 quod

86 1539 234 1601 Hannibal
252 1539 370 1601 Poenus
383 1542 545 1620 imperator
561 1543 668 1619 eupiet.
699 1539 813 1601 duobus
827 1538 950 1600 ducibus
971 1557 1047 1599 unus

87 1625 208 1684 resistas
229 1631 354 1701 oportet.
386 1626 506 1685 resistes
527 1637 639 1693 autem,
663 1624 803 1686 adversus
819 1622 926 1684 lamam
946 1639 1047 1683 rumo-

88 1725 194 1786 resque
209 1708 361 1768 bominum
376 1710 403 1767 si
416 1709 486 1768 satis
500 1708 602 1768 firmus
617 1709 748 1777 steteris,
764 1708 789 1767 si
803 1714 833 1767 te
848 1724 944 1786 neque
956 1704 1045 1767 eolle-

88 1809 143 1869 gae
159 1809 233 1851 vana
250 1790 342 1868 gloria
360 1807 455 1869 neque
476 1800 524 1850 tua
548 1790 620 1850 lalsa
639 1790 758 1852 infamia
775 1792 908 1851 moverit.
940 1790 1045 1851 verita·
1057 1794 1090 1845 lt

88 1887 149 1935 tem
164 1872 300 1934 laborare
319 1874 406 1932 nimis
427 1890 515 1951 saepe
529 1875 623 1941 aiunt,
644 1875 776 1950 extingui
791 1891 964 1953 numquam:
984 1872 1047 1950 glo-

87 1958 163 2017 riam
184 1957 235 2035 qui
251 1957 410 2034 spreverit,
437 1972 536 2015 reram
558 1954 687 2015 babebit.
735 1957 812 2024 sine,
836 1957 969 2017 timidum
989 1961 1089 2035 preat

88 2049 190 2109 eauto,
206 2041 323 2099 tardum
339 2056 394 2118 pro
409 2037 607 2107 considerato,
631 2037 771 2098 inbellem
792 2056 847 2115 pro
867 2040 963 2116 perito
977 2037 1049 2098 belli

88 2131 202 2183 recent.
229 2122 320 2191 malo,
339 2130 368 2183 te
382 2124 499 2199 sapiens
510 2122 601 2182 bostis
613 2128 739 2190 metuat,
762 2138 849 2198 quam
870 2118 951 2180 stulti
971 2121 1049 2179 eires

88 2205 220 2267 laudent.
252 2208 350 2265 omnia
371 2204 527 2265 audentem
550 2211 719 2264 contemnet
732 2201 893 2270 Hannibal,
915 2201 988 2262 nibil
1004 2209 1048 2261 te·

89 2305 172 2350 mere
192 2296 328 2365 agentem
344 2295 464 2348 metuet.
497 2305 553 2348 nee
568 2305 638 2364 ego,
667 2294 699 2348 ut
716 2284 790 2347 nibil
814 2293 917 2364 agatur
933 2292 1085 2354 mortona}

89 2371 143 2433 sed
161 2378 195 2432 ut
214 2380 350 2448 agentem
371 2379 399 2431 te
419 2374 493 2431 ratio
516 2370 617 2440 ducat,
640 2388 700 2431 non
721 2370 853 2439 lortuna;
880 2378 947 2430 tuae
964 2376 1047 2448 pote·

89 2457 173 2517 stads
190 2472 308 2534 semper
326 2464 358 2515 tu
378 2463 486 2533 tuaque
501 2455 600 2515 omnia
620 2455 694 2520 sint:
717 2461 846 2514 armatus
861 2454 1048 2532 intentusque

89 2542 146 2610 sis,
173 2556 269 2618 neque
292 2539 440 2601 oeoasioni
463 2547 530 2599 tuae
545 2537 622 2599 desis
643 2555 740 2615 neque
759 2554 842 2597 suam
864 2538 1048 2599 decadonem

90 2624 167 2686 besti
186 2624 249 2684 des.
293 2624 391 2684 omnia
410 2639 470 2682 non
495 2622 667 2702 properanti
689 2619 767 2682 clara
788 2628 926 2702 certaque
948 2628 1090 2690 erunttt

90 2707 236 2768 festinatio
253 2706 406 2786 inprovida
420 2716 465 2767 est
478 2715 507 2769 et
521 2714 638 2767 caeoa.“

153 2791 213 2850 XL.
242 2790 388 2853 Adversus
404 2810 438 2853 ea
453 2794 546 2853 oratio
562 2791 690 2853 consulis
711 2793 788 2854 baud
802 2810 873 2853 sane
892 2791 968 2853 laeta
983 2792 1072 2860 tuiti

92 2874 185 2949 magis
206 2873 325 2934 latentis
345 2893 393 2945 ea,
413 2892 488 2954 quae
510 2876 636 2943 diceret,
659 2893 728 2934 vera
747 2893 835 2953 quam
858 2874 953 2934 facilia
970 2873 1048 2933 laetu

92 2973 166 3017 esse.
210 2955 343 3017 dictatori
363 2960 535 3034 magistrum
558 2958 687 3037 equitum
708 2956 924 3017 intolerabilem
943 2955 1075 3016 luisse22

92 3038 162 3118 quid
175 3037 287 3099 consuli
303 3039 441 3100 adversus
455 3040 607 3119 conlegam
622 3039 793 3101 seditiosum
810 3057 845 3099 ae
857 3040 1047 3100 temerarium

92 3123 196 3183 virium
220 3130 308 3199 atque
333 3124 512 3184 auctoritatis
533 3124 615 3184 foret
658 3141 690 3182 se
715 3121 856 3202 populare
880 3120 1077 3182 incendiuma

92 3206 191 3285 priore
211 3205 364 3267 consulatu
384 3216 545 3267 semustum
567 3207 720 3283 eliuglsse;
751 3214 868 3284 optare,
897 3213 930 3266 ut
951 3208 1048 3265 emula

93 3306 234 3368 prospere
248 3290 414 3357 evenirent;
430 3296 459 3349 at
472 3292 497 3350 si
512 3289 582 3369 quid
597 3290 712 3349 adversi
727 3287 858 3358 caderet,
874 3289 1001 3349 bestium
1016 3306 1048 3348 se

91 3371 157 3431 telis
169 3374 267 3450 potius
282 3392 370 3451 quam
385 3372 530 3452 suffragiis
552 3376 696 3434 iratorum
718 3373 822 3432 civium
842 3380 930 3451 eaput
949 3371 1047 3432 obiee-

91 3462 198 3516 turum.
228 3455 265 3517 ab
281 3456 338 3517 boe
349 3473 485 3517 sermone
499 3457 666 3536 protectum
677 3452 799 3515 Paulum
814 3454 933 3516 tradunt
946 3466 1076 3536 prose-4
