2575 4067
178 251 182 258 “
241 253 284 317 54
436 264 530 306 nmen
545 264 613 307 vrn.
630 262 698 306 oen.
715 251 741 307 6.
759 252 785 301 7.
801 240 842 325 [a.
856 266 888 307 n.
903 266 930 306 c.
944 240 1008 324 414]

242 418 274 475 tn
289 410 411 472 oonsilio
424 418 485 482 est,
504 419 550 481 nt,
572 411 598 472 si
616 409 733 490 quando
755 428 896 490 umquam
914 427 1018 471 severo
1038 408 1131 470 ullum
1146 411 1205 472 lm·

244 496 328 574 perio
342 493 454 556 bollum
473 492 709 556 administratum
721 503 814 565 esset,
831 504 905 555 tuno
919 496 963 555 uti
976 491 1134 571 disciplina
1146 495 1204 555 mi·

202 585 236 640 :t
244 579 337 641 literis
348 579 385 641 ad
396 580 510 659 priscos
522 577 711 655 redigeretur
725 595 833 639 mores.
862 595 964 639 want
979 576 1111 647 acuebat,
1124 576 1204 657 quod

245 664 385 725 adversus
394 663 515 724 Latinos
525 660 698 723 bellandum
712 672 793 731 erat,
808 660 922 740 lingua
939 659 1089 731 moribus,
1105 679 1205 721 armo-

239 766 312 814 ¹rum
325 764 444 825 genere,
458 747 598 808 institutis
609 753 677 806 ante
689 747 788 808 omnia
801 744 977 807 militaribus
991 753 1204 822 congruentes:

244 830 353 892 milites
366 826 518 904 militibus,
529 827 751 890 centurionibus
765 831 968 900 centuriones,
985 828 1096 891 tribum
1110 827 1204 889 tribu·

244 916 290 975 nis
309 930 455 992 conpares
476 911 665 991 collegaeque
684 912 778 973 nalem
800 911 955 991 psaesidiis
977 930 1079 991 saepe,
1108 911 1205 972 ndem

202 1004 237 1057 lo
244 993 402 1075 manipulis
415 997 555 1075 permixti
569 995 696 1058 luerem.
726 1014 782 1075 per
796 994 922 1058 haecne
938 1015 997 1075 quo
1009 1013 1112 1056 errore
1126 994 1204 1055 mili·

244 1091 289 1143 tes
303 1090 494 1159 caperentur,
514 1078 633 1140 edicunt
650 1078 802 1148 consules,
826 1098 864 1140 ne
885 1081 951 1160 quis
967 1086 1050 1141 erim
1067 1077 1205 1139 ordinem

244 1166 277 1226 in
290 1164 407 1225 hostem
419 1171 574 1242 pugnaret.

200 1243 228 1305 'l
306 1246 366 1308 Vll.
388 1246 478 1308 Forte
491 1248 568 1309 inter
586 1254 701 1307 eeteros
715 1252 879 1308 turmartma
893 1247 1074 1327 praefectos,
1090 1247 1141 1326 qui
1154 1265 1206 1307 ex·

245 1331 392 1411 ploratum
409 1333 440 1391 in
461 1349 563 1392 ornnes
578 1341 678 1410 partes
691 1330 806 1392 dimissi
824 1340 921 1403 erant,
942 1332 976 1392 T.
994 1329 1118 1393 Manlius
1133 1348 1204 1390 con·

245 1414 316 1477 aulis
326 1414 403 1476 filius
414 1432 504 1493 super
519 1423 615 1475 castra
625 1414 834 1476 laeetiumoum
847 1417 908 1476 suis
918 1413 1093 1477 nurmalibus
1104 1416 1205 1485 evasit,

212 1499 285 1561 alta
298 1499 393 1559 utrix
408 1496 460 1558 teli
477 1498 555 1560 iactu
573 1496 610 1560 ab
623 1498 748 1560 nodone
768 1500 903 1578 proxima
916 1499 1041 1562 deesset.
1071 1497 1114 1558 ibi
1129 1497 1204 1558 Tus·

245 1581 343 1644 calani
359 1592 443 1642 erant
456 1583 587 1661 equitem
602 1591 742 1661 praeerat
757 1582 899 1644 Geminus
912 1582 1057 1653 Maecius,
1074 1583 1120 1642 uir
1135 1600 1205 1642 cnm

212 1671 230 1725 a
245 1681 355 1743 genere
369 1666 448 1726 inter
459 1683 528 1726 suus
542 1676 605 1727 tum
618 1666 704 1727 lamis
721 1664 826 1728 clatus
855 1665 943 1728 isubi
952 1666 1101 1728 Romanos
1121 1667 1206 1745 equi·

246 1758 290 1810 tes
304 1749 508 1829 insignemque
523 1751 663 1812 intereos
676 1751 904 1829 praecedentem
915 1750 1044 1812 consulis
1057 1749 1149 1811 tilium
1162 1783 1206 1795 -

246 1850 315 1894 nam
324 1850 427 1896 omnes
438 1834 517 1893 inter
531 1851 563 1895 se
572 1835 674 1912 unque
687 1832 826 1896 inlustres
837 1836 893 1896 viri
906 1836 969 1897 noti
979 1844 1065 1896 erant
1078 1867 1120 1878 -
1132 1852 1200 1912 cog·

212 1926 229 1972 4
244 1916 338 1977 norit:
355 1925 507 1987 ‚‚unane“
521 1918 562 1977 ait
575 1963 593 1987 ‚‚
603 1927 714 1988 turma,
730 1916 870 1989 Romani,
891 1937 959 1980 cum
973 1918 1086 1979 Latinis
1102 1919 1202 1978 sociis·

245 2017 302 2078 que
316 1997 428 2062 bellurn
441 2002 654 2078 gesturiestis?
681 2001 752 2081 quid
764 2003 877 2065 interea
889 2001 1042 2072 consules,
1059 2001 1129 2080 quid
1145 2001 1198 2061 dur

212 2089 229 2140 o
245 2085 390 2148 exereitus
399 2082 572 2146 consideres
586 2086 717 2163 agenw
732 2133 751 2156 „
761 2086 887 2148 aderunt
899 2087 930 2146 in
947 2094 1080 2165 tempore
1089 2095 1106 2117 “
1121 2085 1200 2146 Man·

245 2167 301 2230 lius
314 2168 425 2247 inoluit,
446 2179 503 2239 „et
524 2187 591 2230 oum
609 2167 670 2230 illis
690 2169 787 2231 adsuit
798 2170 932 2250 luppiter
943 2171 1023 2249 ipse,
1049 2168 1205 2230 foederum

212 2258 228 2308 θ
244 2271 261 2314 a
276 2250 358 2314 uobis
373 2250 547 2314 viohtorum
562 2254 659 2324 tastis,
680 2255 731 2332 qui
743 2252 810 2331 plus
823 2262 921 2333 potest
934 2251 1094 2333 polletque.
1123 2253 1149 2312 si
1168 2251 1206 2313 ad

243 2335 389 2415 Regillum
408 2335 505 2398 lacurn
526 2335 564 2398 ad
589 2337 753 2398 satietatem
775 2348 899 2399 umnam
925 2337 1133 2416 pugnavimus,
1156 2335 1206 2396 hie

246 2437 364 2498 quoqne
377 2418 540 2480 mutus
553 2419 706 2499 proiecto,
730 2437 769 2479 ne
790 2421 878 2482 nimis
892 2422 973 2482 acies
990 2419 1073 2482 vobis
1088 2428 1118 2480 et
1131 2437 1205 2481 oon·

212 2510 228 2559 t
243 2502 302 2564 lata
313 2505 397 2580 signa
412 2500 566 2564 nobiscnm
578 2502 661 2563 oordi
673 2503 766 2564 sint“
781 2503 818 2563 ad
832 2521 867 2566 ea
879 2503 1020 2566 Geminas
1030 2501 1150 2584 paulum
1167 2502 1205 2564 ab

244 2587 305 2646 suis
322 2603 398 2664 euno
418 2595 588 2664 proventus:
623 2588 731 2657 „visne
753 2588 858 2664 igitur,
880 2587 951 2650 dum
967 2588 1030 2649 (lies
1044 2589 1099 2649 ista
1114 2588 1205 2658 venit.

245 2687 302 2747 oua
315 2684 422 2746 magno
434 2678 541 2732 conatu
555 2671 702 2732 exercitus
714 2673 870 2743 moveatis,
886 2672 1001 2734 interea
1015 2672 1121 2750 tuipse
1133 2688 1205 2733 oon·

244 2752 467 2831 gredimeoum
483 2762 517 2816 nt
528 2763 632 2815 nostro
644 2753 770 2817 duorum
780 2756 839 2818 iam
853 2756 1205 2825 anteconserantur,

211 2843 229 2895 8
243 2845 385 2917 quantum
397 2854 486 2916 eques
496 2837 617 2900 Latinus
627 2838 761 2902 Ronaano
775 2839 951 2917 praestet?“
964 2848 1063 2899 movet
1073 2839 1206 2900 ferocem

244 2922 373 2984 animum
387 2922 501 2984 iuvenis
515 2940 568 2983 seu
583 2924 628 2984 ira
647 2941 700 2985 seu
720 2922 904 2984 detractandi
918 2922 1086 2984 certaminis
1107 2921 1206 3002 pudor

243 3024 296 3067 seu
315 3003 562 3086 inexsuperabilis
577 3008 620 3069 vis
635 3006 697 3068 fati.
726 3006 835 3069 oblitus
856 3008 956 3086 itaque
973 3006 1092 3085 imperii
1114 3008 1206 3085 patrii

245 3089 457 3169 consulumque
472 3090 559 3152 edon
578 3108 723 3170 praeceps
743 3090 831 3153 adid
851 3099 1001 3153 certamen
1015 3090 1126 3168 agitur,
1145 3108 1206 3169 qno

211 3175 376 3236 evinceret
388 3192 427 3236 an
440 3174 697 3240 vincereturltaud
711 3174 835 3240 mulum
853 3176 1021 3236 interesset.
1054 3172 1206 3253 equitibus

242 3259 351 3322 ceteris
365 3257 491 3321 velutad
505 3257 705 3339 spectaculum
720 3260 874 3324 summotis
890 3259 998 3337 spatio,
1023 3257 1103 3337 quod
1121 3259 1205 3317 vacui

241 3341 436 3403 interiacebat
450 3344 561 3424 campi,
576 3343 716 3406 adversos
730 3345 879 3406 concitant
893 3360 999 3421 equos,
1014 3351 1059 3412 et,
1077 3359 1144 3402 cum
1157 3343 1204 3402 in·

242 3423 325 3485 lestis
340 3426 509 3503 cuspidibus
525 3428 755 3496 concurrissent.
767 3425 868 3490 Manlii
877 3427 977 3506 cuspis
987 3443 1078 3505 super
1088 3424 1204 3504 galeam

200 3506 352 3576 annosus,
368 3507 472 3569 llaecii
486 3521 568 3570 trans
579 3512 724 3571 cervicem
739 3512 808 3590 equi
821 3508 920 3588 elapsa
935 3519 990 3571 est
1017 3510 1205 3570 enoumactis
