2575 4067
253 240 313 301 116
403 251 497 292 amun
512 250 555 291 ux.
571 248 638 290 oar.
654 236 697 288 20.
712 235 756 288 21.
776 226 816 307 [a.
833 249 864 288 u,
882 248 908 287 ο,
922 223 1061 305 summo]

224 398 401 462 shabebant
408 414 523 478 preces.
546 390 1220 476 itaquedefoedereuegatum3iudutiaebieu·
1286 401 1287 446 3

252 484 307 553 nii,
323 500 390 543 cum
404 499 458 562 per
470 479 581 560 aliquot
590 478 654 541 dies
667 479 838 557 fatigassent
848 474 980 555 singulos
991 474 1146 555 precibus,
1160 476 1219 537 im·

225 574 393 647 rpetratae.
430 572 460 626 et
479 582 516 625 ex
529 562 633 643 Apulia
647 563 817 625 Teanenses
830 561 1029 639 Canusinique
1050 558 1220 640 populatio·
1286 561 1287 648 l

252 650 340 711 nibus
359 649 431 710 fessi
450 647 602 710 obsidibus
622 647 656 709 L.
670 646 785 708 Plautio
806 643 921 707 consuli
942 643 1017 705 datie
1038 643 1070 705 iu
1090 643 1219 706 deditio·
1286 709 1287 728 2

253 751 321 795 uem
336 740 489 794 venerunt
1286 767 1287 802 ι

225 826 242 875 o
314 816 426 877 Εοάοιιι
448 833 526 878 anuo
545 815 675 893 primum
693 813 837 893 praefecti
852 812 981 892 Capuam
1000 812 1098 873 creari
1119 813 1218 891 ccepti
1286 807 1287 886 i

252 900 367 979 legibus
381 899 418 961 ab
430 899 463 961 L.
475 899 565 960 Furio
578 905 716 977 praetore
727 896 818 967 datis,
837 914 905 957 cum
918 903 1077 974 utrumque
1088 896 1147 975 ipsi
1161 913 1218 975 pro
1286 909 1287 918 ¹

227 982 385 1045 oremedio
396 984 493 1061 aegris
503 980 594 1044 rebus
605 979 752 1043 discordia
765 980 904 1042 intestina
917 980 1070 1059 petissent.
1099 987 1129 1039 et
1140 979 1217 1040 duae

253 1069 363 1129 Romae
378 1066 492 1127 additae
507 1064 616 1136 tribum,
634 1065 773 1127 Ufentina
788 1082 824 1127 ac
838 1063 974 1125 Falerna.

225 1160 241 1207 7
315 1149 466 1212 lucliuatis
485 1147 578 1211 semel
600 1147 752 1228 suspulis
770 1147 862 1209 rebus
877 1146 983 1208 Teates
998 1164 1115 1226 quoque
1129 1146 1217 1225 Apuli

253 1235 290 1297 ad
304 1252 395 1296 novos
411 1231 563 1303 consules,
580 1232 740 1296 C.1uuium
751 1230 917 1293 Bubulcum
929 1230 966 1303 Q.
976 1230 1132 1292 Aemilium
1143 1230 1217 1292 Bar·

253 1317 368 1389 budam,
388 1318 493 1380 foedus
511 1319 635 1397 petitum
653 1324 812 1387 venerunt,
833 1316 915 1395 pacis
933 1332 1122 1395 peromnem
1138 1316 1216 1394 dpu-

225 1401 321 1463 uliam
343 1401 535 1483 praestandae
559 1400 669 1481 populo
688 1400 822 1462 Romano
842 1406 988 1461 auctores.
1026 1397 1056 1458 id
1076 1398 1216 1460 audacter

252 1485 425 1565 spoudeudo
437 1487 647 1564 impetravere,
660 1493 693 1545 ut
703 1483 808 1545 foedus
818 1483 955 1554 daretur,
970 1500 1068 1562 neque
1078 1491 1112 1543 ut
1122 1501 1216 1562 aequo

252 1578 351 1631 tamen
372 1567 507 1638 foedere,
531 1566 632 1629 sedat
652 1570 683 1628 iu
704 1566 821 1628 dicione
840 1566 944 1647 populi
959 1567 1086 1629 Romani
1107 1574 1215 1629 essent.

2 1675 116 1694 W*
224 1651 356 1731 scipulis
370 1651 537 1731 perdomita
551 1684 594 1696 -
608 1668 678 1714 uam
693 1652 824 1713 Forento
837 1669 969 1731 quoque,
987 1649 1083 1711 rabdo
1097 1650 1215 1731 oppido,

253 1735 353 1796 lunius
368 1736 478 1813 potitus
489 1743 553 1796 erat
566 1767 609 1779 -
623 1737 656 1795 iu
669 1735 805 1797 Lucanos
818 1743 1005 1815 perrectumr
1023 1734 1094 1795 inde
1108 1752 1215 1814 repau-

209 1823 244 1875 10
254 1819 315 1879 tino
329 1818 455 1879 adventu
465 1817 580 1879 Aemilii
595 1817 724 1880 consulis
734 1817 877 1880 Nerulum
891 1819 920 1879 vi
934 1824 1063 1897 capuam.
1090 1825 1120 1879 et
1134 1826 1215 1898 post·

252 1919 340 2045 quam
363 1900 716 2064 rffiucaqmsffim
736 1900 868 1963 Romana
887 1900 1044 2065 dqffiefpfiua
1064 1901 1216 2064 farlneafflper
1286 1935 1287 1988 3

253 2002 350 2048 socos
444 2002 516 2057 au,
610 2002 627 2045 a
671 2002 862 2065 usqueque,
963 2002 1082 2046 meme
1181 2004 1215 2048 us

252 2070 354 2141 certis,
376 2070 441 2130 siue
456 2068 675 2147 magistratibus
687 2086 775 2148 agere
791 2067 1008 2148 querebantur,
1032 2068 1093 2130 dati
1111 2070 1149 2131 ab
1167 2088 1215 2131 se·

251 2159 322 2215 uatu
336 2151 373 2214 ad
389 2154 454 2215 fura
468 2151 622 2215 statuenda
640 2153 735 2232 ipsius
751 2150 885 2214 colosum
901 2153 1032 2232 patroni:
1059 2169 1116 2214 uec
1131 2171 1214 2215 arma

252 2236 357 2305 modo,
372 2236 425 2298 sed
439 2238 504 2298 iura
519 2239 607 2298 etiam
620 2234 825 2298 immaculate
838 2234 999 2315 pollebant.

228 2328 239 2376 1
314 2319 390 2382 xxi.
422 2320 453 2384 C.
470 2320 571 2383 lunius
585 2318 736 2381 Bubulcus
751 2329 782 2380 et
795 2319 831 2392 Q.
846 2319 987 2381 Aemilius
998 2319 1127 2383 Barbula
1143 2332 1214 2382 cou-

251 2403 330 2465 sules
345 2406 425 2464 exitu
439 2405 509 2465 anni
526 2421 586 2464 nou
604 2402 774 2466 oonsulibus
792 2403 830 2463 ab
853 2420 886 2464 se
901 2406 1023 2476 emtis,
1046 2405 1098 2484 Sp.
1108 2405 1213 2467 Nautio

253 2496 283 2547 et
302 2486 340 2547 bi.
352 2484 481 2565 Popilio,
503 2495 634 2548 cctam
658 2486 795 2549 dotatori
809 2486 841 2548 L.
856 2486 981 2549 Aemilio
1002 2488 1135 2568 legiones
1154 2496 1213 2549 tra·

224 2567 398 2630 ediderunt.
437 2570 551 2630 iseum
575 2569 608 2631 L.
624 2568 727 2631 fuluo
746 2570 887 2649 magistro
908 2574 1040 2650 equitum
1055 2571 1213 2636 Saticulam

252 2667 424 2729 oppugnare
447 2650 568 2712 adortus
596 2651 760 2714 rebellandi
779 2671 899 2732 pemani
921 2656 1102 2719 Samnitibus
1123 2656 1209 2720 dedit

223 2730 360 2812 suuplex
381 2734 450 2795 iude
465 2741 564 2796 terror
579 2734 687 2797 inlatus
702 2737 858 2801 Romanis:
880 2739 950 2800 hinc
967 2740 1086 2802 Samum
1106 2758 1212 2818 magno

252 2817 383 2879 exercitu
399 2827 501 2879 coacto
516 2819 553 2880 ad
568 2820 740 2883 eximendos
755 2822 910 2884 obsidione
931 2826 1028 2885 socios
1047 2825 1125 2886 baud
1143 2843 1212 2904 pro·

233 2900 618 2966 ,culcasfrisliomauorum
629 2913 725 2966 castra
735 2908 848 2984 posuit:
860 2906 1210 2986 biuoSatioulauimaguo

252 3003 320 3048 eum
335 2986 462 3049 tumultu
475 2989 629 3068 patefactis
642 2999 765 3068 repente
778 2991 873 3068 portis
885 2992 917 3052 fu
927 2993 1070 3053 stationes
1083 2993 1212 3053 hostium

224 3071 450 3132 lincurreruut.
489 3072 559 3133 iude
578 3090 648 3152 pars
669 3079 794 3152 utraque
817 3091 870 3153 spe
888 3074 977 3137 alieni
997 3077 1092 3155 magle
1113 3075 1213 3138 auxilii

251 3171 338 3233 quam
355 3155 466 3216 viribus
485 3154 562 3216 freta
576 3158 637 3216 suis
660 3157 736 3217 iusto
751 3175 819 3217 mox
840 3157 954 3236 proelio
975 3159 1048 3219 inito
1062 3160 1213 3222 Romanos

249 3248 392 3316 urguent,
404 3246 434 3299 et
442 3256 618 3319 quamquam
627 3256 736 3320 auceps
747 3240 894 3302 dimicatio
907 3249 984 3312 erat,
998 3250 1097 3304 umen
1107 3244 1212 3305 utrim-

251 3338 308 3398 que
319 3329 411 3382 tutam
427 3323 521 3383 aciem
533 3322 658 3385 dicutur
672 3323 788 3396 babuit,
804 3326 873 3404 quria
888 3334 919 3387 et
932 3327 1031 3387 locum
1045 3326 1124 3389 baud
1140 3327 1212 3388 faci·

252 3403 309 3462 lem
335 3404 372 3463 ad
393 3406 685 3469 cfroumreuiendum
707 3409 785 3488 cepit
804 3419 835 3469 et
856 3408 970 3471 diuersa
994 3412 1098 3472 statuit
1116 3412 1210 3489 sigua.

223 3483 385 3546 tiufestior
397 3495 496 3547 tamen
510 3490 542 3548 fn
558 3502 748 3570 erumpentes
764 3493 898 3561 incessit,
920 3512 977 3554 uec
990 3512 1100 3574 magno
1114 3503 1211 3557 certa·
