2575 4067
243 254 304 317 366
403 266 497 309 urere
512 267 602 309 xxm.
618 266 688 309 car.
705 252 750 308 45.
766 252 810 307 41.
827 245 869 324 [a.
884 268 914 308 n.
933 268 959 307 o.
973 244 1035 327 539]

243 432 277 476 ac
291 412 412 475 Nolanis
427 413 564 475 subsidiis
578 413 688 477 inultus
700 431 756 475 nos
776 416 835 476 lam
850 415 958 474 iterum
977 411 1112 475 lacessiti
1150 413 1203 475 ulrl

241 495 292 558 lile
305 496 390 558 miles
401 515 485 559 meus
496 505 554 569 est,
574 499 624 578 qui
636 506 739 577 erepto
751 517 788 561 ex
802 515 877 578 equo
888 497 921 559 G·
930 496 1075 558 Flaminio
1086 497 1204 558 consilli

243 588 331 661 eaput
350 579 486 642 abstuliti
525 581 592 650 ubi,
612 584 666 658 qui
682 581 715 642 L.
737 581 859 643 Paulum
879 580 916 641 ad
937 580 1052 643 &unas
1074 580 1204 642 occidit?

216 665 358 725 ilerrum
379 681 458 726 nunc
472 664 581 726 hebeti
595 682 632 725 an
648 663 768 726 dextrae
782 665 919 745 torpenti
942 681 981 724 an
995 663 1066 742 quid
1082 664 1204 744 prodigi

244 757 289 809 est
305 747 402 809 alludi
430 749 481 827 qul
495 748 580 828 pauci
595 747 696 828 plures
710 750 828 815 vincere
841 745 919 809 soliti
931 749 1015 817 estis,
1032 764 1113 808 nunc
1128 764 1204 827 pau·

243 833 286 894 cis
300 830 400 911 plures
415 832 462 891 vix
474 833 609 892 restatisl
638 832 762 894 Romam
775 850 826 892 ros
842 838 1075 910 expugnaturos,
1092 832 1119 891 si
1133 832 1202 910 quis

204 914 382 984 induceret,
396 914 488 976 fortes
502 914 776 994 linguaiactalratia:
791 933 828 977 eu
843 917 940 976 minor
953 927 1002 975 res
1013 921 1072 984 est;
1089 913 1141 975 hic
1150 932 1205 975 ex·

244 999 336 1078 periri
352 999 410 1059 vim
433 1000 628 1077 virtutemque
644 997 719 1060 rolo.
755 1006 920 1079 expugnate
939 997 1058 1067 Nolam,
1082 1015 1204 1077 campe·

243 1089 335 1144 strem
349 1081 469 1153 urbem,
491 1099 551 1142 non
570 1082 705 1152 llumine,
729 1099 789 1143 non
804 1084 879 1143 mari
893 1089 1033 1161 saeptam.
1066 1081 1139 1142 hino
1151 1099 1204 1143 ros

244 1183 281 1227 ex
296 1174 355 1227 tam
370 1163 508 1245 opulenta
519 1164 593 1226 urbe
608 1165 718 1245 praeda
732 1164 893 1245 spoliisque
905 1174 1025 1225 onustos
1036 1162 1082 1224 vel
1094 1163 1201 1230 ducam

245 1267 303 1330 quo
317 1248 433 1320 voletis,
449 1249 495 1310 vel
509 1257 648 1330 sequar.“·

219 1340 232 1391 1
310 1333 406 1394 XLVl.
434 1333 495 1394 Nec
516 1331 593 1393 bene
608 1350 664 1394 nec
682 1331 759 1393 male
777 1332 855 1394 ‹licta
876 1331 1051 1411 profuerunt
1074 1330 1112 1393 ad
1130 1349 1208 1392 con.

217 1424 233 1473 1
244 1417 405 1478 mmanclos
417 1418 539 1477 animos.
567 1435 634 1478 cum
647 1418 727 1477 omni
738 1425 823 1496 parte
833 1416 1032 1496 pellerentur,
1045 1415 1208 1477 Romanis·

245 1518 303 1580 quc
324 1508 493 1562 crescerent
517 1502 606 1561 animi
627 1518 687 1561 non
710 1500 784 1561 duce
804 1500 900 1561 solum
930 1500 1119 1568 adhortante,
1148 1498 1201 1559 sed

245 1582 367 1646 Nolanis
382 1585 469 1645 etiam
486 1602 540 1661 per
556 1583 731 1654 clamorem,
750 1585 858 1645 lavorls
873 1583 1018 1654 indicem,
1035 1582 1201 1643 accenden-

245 1666 324 1727 tibus
339 1667 474 1728 ardorem
489 1684 620 1745 pugnae,
636 1674 720 1746 terga
735 1669 828 1729 Poeni
842 1665 988 1728 dederunt
1001 1673 1088 1746 atque
1103 1667 1137 1725 in
1152 1682 1201 1725 oa·

217 1757 304 1810 astra
320 1748 453 1829 conpulsi
468 1759 545 1810 sunt
575 1767 651 1829 quae
666 1768 837 1832 oppugnare
856 1751 1000 1830 cupientis
1019 1749 1129 1812 milites
1143 1750 1202 1811 Ro·

245 1849 348 1893 manos
354 1831 509 1893 llarceHus
516 1832 619 1894 Nolam
626 1834 742 1896 reduxit
749 1852 816 1896 cum
828 1852 935 1913 magno
947 1834 1052 1913 gaudio
1064 1840 1094 1894 et
1100 1840 1201 1911 gratu·

244 1916 353 1977 latione
364 1918 450 1978 etiam
462 1915 568 1997 plebis,
582 1936 656 1997 quae
668 1926 735 1979 ante
747 1917 913 1980 inclinatior
925 1918 962 1978 ad
968 1918 1083 1979 Poenos
1094 1916 1201 1977 iuerat

98 2063 106 2068 ,
218 2000 372 2062 lhostium
383 1999 450 2080 plus
461 2002 589 2082 quinque
600 2001 680 2063 milia
692 2018 776 2063 caesa
793 2020 828 2062 eo
840 2002 901 2073 die,
915 2002 970 2062 viui
982 2002 1059 2080 capti
1070 2002 1202 2062 sexcenti

247 2093 276 2146 et
290 2086 374 2164 signa
388 2083 525 2146 militaria
538 2085 719 2164 undeviginti
730 2093 759 2145 et
770 2084 829 2146 (luo
841 2084 1004 2166 elephanti,
1020 2090 1160 2164 quattuor
1170 2085 1201 2143 in

218 2170 308 2231 oacie
324 2169 428 2236 occisi;
444 2169 644 2230 Romanorum
656 2170 752 2230 minus
768 2168 848 2229 mille
859 2168 1016 2230 interlecti.
1047 2173 1200 2247 posterum

247 2251 324 2312 diem
346 2250 467 2312 indutiis
490 2253 585 2314 tacitis
607 2252 776 2332 sepeliendo
797 2255 946 2332 utrimque
963 2269 1064 2313 caesos
1085 2252 1118 2314 in
1140 2253 1202 2312 aeia

248 2343 504 2414 consumpserunt.
531 2335 624 2417 spolia
634 2336 763 2397 hostium
774 2334 938 2406 Marcellus,
950 2334 1080 2396 Vulcano
1091 2342 1200 2403 votum,

217 2419 394 2479 ocremarit.
432 2420 518 2479 tertio
537 2428 605 2499 post
619 2420 667 2480 die
684 2454 718 2465 -
737 2419 775 2481 ob
794 2420 868 2480 iram
891 2419 980 2480 credo
1002 2418 1131 2498 aliquam
1153 2425 1202 2479 aut

246 2520 330 2582 spem
343 2500 519 2564 liberalioris
534 2502 654 2564 militiae
664 2539 706 2552 -
717 2504 836 2564 ducenti
852 2504 1036 2582 septuaginta
1046 2500 1105 2563 (luo
1118 2502 1201 2581 equi·

246 2593 299 2657 tes,
312 2586 395 2646 mixti
404 2584 548 2647 Numidae
559 2595 588 2650 et
597 2588 727 2665 Hispani,
740 2587 777 2648 ad
789 2585 958 2652 Marcellum
968 2585 1201 2663 transfugerunt

246 2685 352 2728 eorum·
364 2668 434 2728 lorti
454 2668 590 2747 fidelique
605 2687 694 2748 opera
709 2672 741 2730 in
755 2688 790 2730 eo
800 2667 878 2730 bello
890 2671 936 2731 usi
954 2676 1023 2730 sunt
1036 2686 1125 2748 saepe
1143 2667 1201 2729 llo·

218 2750 334 2811 amani.
361 2765 432 2826 ager
442 2750 578 2829 Hispanis
591 2752 623 2811 in
633 2751 773 2831 Hispania
789 2761 818 2815 et
831 2752 965 2815 Numidis
980 2754 1011 2814 ln
1021 2752 1121 2814 lllrica
1134 2759 1201 2831 post

217 2832 351 2895 chelium
367 2834 482 2895 virtutis
496 2851 582 2895 causa
599 2834 683 2896 datus
699 2843 752 2898 est.
782 2835 926 2899 Hannibal
939 2835 975 2897 ab
987 2834 1059 2897 Nola
1075 2835 1200 2895 remisso

245 2919 277 2980 in
292 2918 422 2980 Bruttios
436 2918 579 2982 Hannone
595 2938 662 2980 eum
678 2920 783 3000 quibus
803 2928 924 2981 venerat
937 2919 1029 2999 copiis
1042 2920 1107 2998 ipse
1123 2917 1201 2997 lpu-

248 3003 304 3064 liae
319 3001 444 3063 hiberna
457 3005 549 3082 petit,
566 3006 703 3083 circaque
716 3005 812 3084 Arpos
827 3002 968 3065 consedit.

218 3096 235 3147 9
308 3085 342 3155 Q.
355 3085 462 3148 Fabius
473 3095 506 3148 nt
516 3087 681 3166 proiectum
692 3089 724 3148 in
735 3085 1069 3168 ApuliamHannibalem
1080 3084 1199 3152 audivit.

248 3172 396 3232 frumento
410 3169 446 3231 ab
463 3170 535 3232 Nola
546 3171 725 3252 Neapolique
739 3173 771 3232 in
788 3189 822 3233 ea
839 3177 933 3232 castra
953 3177 1109 3239 convecto,
1126 3186 1201 3247 quae

248 3274 337 3335 super
352 3254 519 3316 Suessulam
535 3263 632 3327 erant,
655 3256 903 3335 munimentisque
924 3254 1046 3315 firmatls
1064 3260 1095 3314 et
1113 3268 1200 3333 prae·

248 3340 338 3409 sidio,
356 3339 434 3419 quod
449 3358 504 3419 per
518 3340 642 3402 hiberna
658 3340 694 3402 ad
709 3338 900 3402 obtinendum
915 3336 1013 3399 locum
1027 3337 1098 3397 satis
1114 3343 1200 3404 esset,

210 3430 239 3480 ιο
249 3421 352 3483 relicto
368 3424 431 3502 ipse
443 3423 569 3504 Capuam
584 3426 704 3504 propius
714 3426 805 3486 morit
819 3430 928 3495 castra,
944 3437 1107 3502 agrumque
1116 3419 1202 3482 Gam-

247 3521 357 3582 panum
377 3505 457 3565 ferro
477 3508 597 3588 ignique
615 3517 659 3569 est
680 3507 887 3588 depopulatus,
909 3505 1003 3567 donec
1025 3501 1120 3565 coacti
1134 3510 1201 3563 sunt
