2575 4067
264 239 355 281 erana
368 242 445 284 χιιι.
461 242 527 283 oar.
541 233 584 282 tl.
599 231 641 282 tn.
660 220 699 301 [e.
717 221 751 283 0.
768 220 829 297 210}
964 225 1023 287 301

134 383 230 443 XLlV.
277 383 417 445 Consules
436 388 506 446 satis
525 385 683 465 exploratis
705 386 858 447 itineribus
879 389 1053 466 sequentlst

65 467 217 535 Poenum,
238 474 270 526 ut
285 476 403 529 ventum
419 469 455 528 ad
471 469 585 530 Cannas
600 479 658 541 est,
685 478 714 531 et
733 472 764 530 in
778 478 938 548 conspectu
953 468 1025 529 Poe·

65 567 142 610 num
157 548 317 620 habebant,
341 550 409 611 bina
425 559 520 612 castra
538 554 740 615 communiunt
754 552 857 614 eodem
873 552 966 612 lerme
980 553 1024 612 in·

65 630 205 701 tervallo,
237 651 295 711 quo
320 633 357 693 ad
378 635 570 705 Gereonium,
602 637 677 698 sicut
703 644 770 697 ante
797 637 889 714 copiis
918 633 1025 696 divisis.

64 714 203 776 Aufidius
216 718 310 777 amnis
326 719 456 797 utrisque
473 721 576 779 castris
599 719 731 781 adfluens
749 719 858 779 aditum
881 720 1054 796 aquatori·2

64 797 125 858 bus
146 816 182 858 ex
208 817 261 860 sua
280 801 419 879 cuiusque
440 804 659 881 opportunitate
685 801 762 863 haud
783 802 1027 863 sine‘certamine

65 880 173 949 dabat;
195 900 231 942 ex
244 882 407 946 minoribus
421 892 519 946 tamen
530 888 645 955 castris,
665 903 739 965 quae
759 887 854 964 posita
875 892 955 943 trans
969 884 1054 944 riu-t

66 963 173 1025 fidium
189 974 288 1035 erant,
304 965 425 1027 liberius
441 968 624 1047 aquabantur
639 969 776 1040 Romani,
793 970 859 1046 quia
876 969 941 1045 ripa
952 965 1026 1026 ulte·

67 1049 132 1108 rior
147 1046 260 1109 nullum
276 1048 403 1111 babebat
419 1051 546 1112 bostium
561 1052 748 1131 praesidium.
786 1049 930 1112 Hannibal
944 1057 1055 1127 spemn

68 1138 196 1191 nanctus
206 1130 278 1192 locis
289 1134 365 1193 natis
375 1134 411 1194 ad
424 1143 589 1213 equestrem
600 1153 745 1214 pugnam,
762 1152 818 1213 qua
829 1140 913 1212 parte
922 1134 1027 1193 virium

68 1216 196 1275 invictus
210 1224 288 1285 erat,
310 1215 439 1277 facturos
453 1219 568 1296 copiam
583 1217 733 1297 pugnandi
749 1216 898 1286 consules,
921 1216 1028 1293 derigit

69 1298 165 1358 aciem
184 1296 356 1380 lacessitque
371 1299 563 1361 Numidarum
583 1302 806 1380 procursatione
823 1300 923 1360 hostis.
960 1298 1055 1359 indes

69 1397 175 1442 rursus
195 1380 345 1443 sollicitari
366 1383 509 1444 seditione
527 1382 646 1445 militari
663 1401 697 1444 ac
714 1382 859 1443 discordia
874 1380 1027 1444 consulum

71 1464 203 1525 Romana
229 1472 337 1534 castra,
365 1485 431 1527 oum
458 1466 564 1528 Paulus
591 1466 816 1547 Semproniique
843 1474 872 1526 et
892 1463 1027 1526 Flaminii

69 1548 265 1608 temeritatem
286 1548 423 1620 Varroni,
443 1550 535 1612 Varro
556 1552 722 1631 speciosum
745 1549 853 1610 timidis
875 1566 910 1609 ac
930 1549 1026 1626 segni·

70 1629 127 1690 bus
155 1629 278 1692 ducibus
302 1633 467 1712 exemplum
489 1634 611 1695 Fabium
637 1633 783 1704 obiceret,
813 1637 1055 1711 testareturquet

72 1712 143 1774 deos
159 1714 351 1794 hominesque
365 1716 427 1787 lde,
444 1716 552 1777 nullam
567 1735 659 1796 penes
672 1736 705 1778 se
720 1716 836 1796 culpam
851 1733 930 1786 esse,
949 1714 1027 1795 quod

73 1795 217 1858 Hannibal
236 1798 294 1857 iam
311 1797 390 1859 velut
408 1817 463 1860 usu
484 1802 609 1879 cepisset
628 1800 754 1868 ltaliam;
782 1817 815 1859 se
835 1800 1026 1860 constrictum

73 1897 90 1939 a
111 1879 233 1957 conlega
254 1883 365 1949 teneri,
393 1881 505 1941 ferrum
523 1888 610 1960 atque
633 1900 714 1943 arma
734 1883 816 1944 iratis
841 1891 870 1943 et
894 1898 1027 1960 pugnare

74 1962 257 2041 cupientibus
286 1963 375 2023 adimi
399 1963 555 2031 militibus;
586 1962 650 2032 ille,
680 1967 705 2023 si
729 1964 799 2043 quid
828 1965 967 2044 proiectis
994 1972 1054 2023 act

73 2045 197 2125 proditis
207 2044 244 2105 ad
259 2045 454 2106 inconsultam
467 2055 554 2125 atque
564 2045 746 2124 inprovidam
760 2063 889 2125 pugnam
904 2045 1027 2123 legioni-

74 2126 128 2188 bus
149 2127 309 2197 accideret,
331 2147 363 2189 se
378 2130 474 2189 omnis
489 2128 591 2207 culpae
612 2137 772 2197 exsortem,
797 2129 892 2188 omnis
908 2136 1028 2187 eventus

73 2212 245 2290 participem
257 2211 330 2281 iore,
344 2211 468 2280 diceret:
481 2210 601 2278 rideret
613 2219 654 2282 ut,
667 2209 772 2290 quibus
782 2209 881 2287 llngua
892 2217 1028 2289 prompta

76 2311 109 2353 ac
122 2295 293 2367 temeraria,
308 2311 401 2372 aeque
415 2296 447 2354 in
461 2312 559 2374 pugna
575 2296 707 2372 vigerent
721 2311 834 2355 manus.-

138 2373 220 2437 XLV.
250 2375 324 2436 llum
340 2376 576 2438 altercationibus
595 2379 689 2456 magis
702 2395 790 2457 quam
811 2375 939 2437 consiliis
955 2382 1053 2437 tem-t

76 2477 130 2538 pus
143 2458 262 2528 teritur,
278 2458 424 2520 Hannibal
437 2479 474 2521 ex
487 2461 563 2532 acie,
578 2479 666 2542 quam
681 2460 718 2521 ad
732 2458 857 2521 multum
871 2459 930 2520 diei
943 2468 1027 2520 tenu·

77 2549 139 2603 erat
160 2543 347 2613 instructam,
371 2561 438 2605 curn
457 2546 488 2605 tn
509 2554 604 2606 castra
619 2553 733 2606 ceteras
753 2545 901 2623 reciperet
919 2543 1026 2622 copias,

76 2625 214 2687 Numidas
229 2626 265 2688 ad
281 2626 461 2690 invadendos
477 2646 514 2689 cx
531 2628 694 2690 minoribus
711 2629 813 2690 castris
829 2627 1055 2688 Romanorumn

76 2716 229 2789 aquatores
242 2718 324 2772 trans
342 2711 451 2773 llumeu
473 2713 570 2773 mittit.
601 2731 689 2792 quam
712 2712 891 2774 lnconditam
912 2710 1054 2772 turbamt

76 2810 142 2853 cum
162 2792 278 2853 vixdum
302 2796 334 2854 ln
355 2797 450 2873 ripam
465 2797 576 2873 egressi
591 2795 720 2856 clamore
735 2813 770 2855 ac
786 2793 912 2855 tumultu
929 2794 1026 2870 fugas·

77 2882 153 2943 sent,
175 2876 207 2934 in
226 2878 381 2937 stationem
396 2896 513 2958 quoque
531 2895 587 2956 pro
607 2877 682 2938 vallo
702 2877 827 2938 locatam
844 2884 931 2955 atque
950 2878 1028 2953 ipsas

76 2973 168 3037 prope
192 2965 293 3036 portas
313 2963 405 3020 evecti
425 2969 502 3022 sunt
543 2960 573 3021 id
587 2977 656 3020 vero
679 2959 833 3037 indignum
856 2960 965 3026 visum,
992 2956 1056 3016 aba

77 3037 264 3101 tumultuario
276 3041 383 3102 auxilio
404 3044 462 3104 iam
482 3045 569 3104 etiam
589 3052 684 3104 caetra
702 3043 834 3103 Romana
855 3040 976 3110 terreri,
997 3048 1029 3100 ut

78 3142 112 3185 ea
126 3122 213 3183 modo
235 3141 293 3184 una
308 3143 408 3195 causa,
430 3142 468 3186 ne
482 3126 628 3206 extemplo
645 3127 805 3187 transirent
828 3124 938 3184 Humen
951 3122 1028 3183 deri·

79 3214 236 3288 gerantque
250 3209 357 3279 aciem,
374 3210 500 3269 tenuerit
514 3209 675 3279 Romanos,
691 3208 769 3289 quod
784 3225 897 3269 summa
912 3208 1028 3286 inperii

80 3308 113 3350 eo
132 3290 179 3351 die
198 3309 290 3371 penes
310 3291 432 3354 Paulum
456 3291 553 3353 luerit.
600 3295 698 3370 itaque
724 3298 841 3370 postero
863 3290 910 3350 die
926 3292 1054 3358 Varrot

79 3375 124 3434 cui
142 3392 206 3435 sors
221 3376 284 3436 cius
299 3375 358 3437 dlei
378 3376 495 3455 imperii
509 3383 586 3445 erat,
608 3373 681 3435 nibil
696 3373 829 3435 consulto
847 3372 970 3451 conlega
989 3375 1027 3433 si·

80 3473 165 3534 quum
185 3460 338 3537 proposuit
357 3461 571 3539 instructasque
586 3458 691 3538 ¹copias
709 3457 819 3518 ssumen
840 3456 967 3518 traduxit
980 3474 1025 3516 se·
