2575 4067
233 241 327 283 11111
343 241 407 284 xxr.
425 240 492 282 cna.
505 229 549 282 tt.
565 230 608 281 44.
626 228 670 282 45.
688 221 727 301 [a.
744 222 855 304 0.·118]
971 226 1030 289 241

64 387 257 470 temporibus
271 386 401 465 locisque
414 387 529 449 1111111
544 406 596 449 soa
610 389 720 466 possim
739 386 855 449 decora.
886 406 952 450 cum
970 386 1031 450 iau·
1044 395 1075 447 ta

65 475 147 536 datis
169 491 186 534 a
207 488 254 531 me
282 468 397 531 miliens
423 469 610 550 donatisque,
640 470 773 532 alumnus
797 472 879 550 prius
902 473 1033 533 omnium

64 564 201 618 vestrum
225 571 313 633 quam
336 555 512 632 imperator,
538 554 696 633 procedam
720 556 751 615 in
776 556 870 615 aciem
895 553 1033 616 adversus

64 638 189 721 ignotos
204 639 282 698 inter
296 655 329 698 se
342 639 600 718 ignorantesque.“

134 722 232 784 XLIV.
250 721 463 800 „Quocumque
479 721 645 785 circumtuli
656 722 765 792 oculos,
783 720 870 801 plena
881 722 979 781 omnia
991 722 1057 781 vil

64 807 127 868 deo
141 807 307 867 animorum
319 821 353 865 ac
364 802 489 874 roboris,
506 813 676 868 veteranum
687 805 825 884 peditem,
841 805 1031 883 generosissi-

64 907 187 951 marum
203 890 334 967 gentium
346 889 459 967 equites
472 888 602 951 frenatos
615 890 850 969 infrenatosque,
869 906 920 949 vos
935 889 1031 950 socios

63 972 255 1035 fidelissimos
278 971 525 1052 fortissimosque,
547 991 598 1034 vos
612 973 867 1051 Carthaginienses
888 990 955 1033 cum
974 981 1060 1047 prot

63 1058 165 1139 patria
188 1064 250 1116 tum
271 1054 309 1116 ob
335 1057 410 1116 11111
435 1057 622 1118 iustissimam
646 1065 837 1137 pugnaturos.
876 1056 1058 1117 interimust

62 1139 181 1201 bellum
203 1139 376 1218 infestisque
396 1140 487 1218 signis
510 1140 716 1202 descendimus
741 1142 773 1200 in
792 1139 919 1211 italiam,
949 1146 1031 1200 tanto

63 1223 209 1287 audacius
225 1222 388 1302 fortiusque
409 1225 566 1303 pugnaturi
587 1242 675 1303 quam
690 1225 797 1293 1111111,
813 1230 922 1303 quanto
937 1223 1031 1283 maior

62 1325 152 1388 spes,
183 1308 277 1367 maior
303 1313 347 1366 est
373 1308 488 1368 animus
512 1307 667 1368 inserentis
693 1309 751 1368 vim
777 1325 865 1387 quam
893 1307 1029 1367 arcentis.

64 1389 206 1455 sucendit
220 1399 374 1469 praeterea
390 1399 419 1451 ct
434 1389 564 1452 stimulat
579 1393 693 1453 animos
708 1389 792 1452 dolor
812 1391 919 1452 iniuria
933 1389 1057 1467 incipi

63 1477 155 1536 nitus.
189 1473 226 1535 ad
246 1472 420 1553 supplicium
443 1475 681 1554 depoposcerunt
702 1493 750 1536 me
764 1473 869 1536 ducem
891 1475 1029 1553 primum,

63 1556 176 1620 deinde
191 1575 241 1617 vos
261 1575 378 1632 omnes,
407 1559 458 1636 qui
475 1559 635 1636 Saguntum
661 1559 897 1639 oppugnassetis;
914 1556 1029 1618 deditos

62 1642 180 1704 ultimis
194 1640 370 1702 cruciatibus
393 1641 535 1703 adfecturi
553 1643 681 1704 suerunt.
715 1641 916 1703 crudelissima
931 1659 965 1702 ac
981 1649 1057 1703 sut

86 1724 244 1787 erbissima
257 1742 329 1803 gons
347 1743 399 1786 sua
414 1726 513 1788 omnia
529 1727 632 1806 suique
647 1726 760 1788 arbitrii
775 1726 853 1787 iacit.
882 1743 949 1786 cum
965 1726 1028 1805 qui·

61 1747 125 1871 ius
148 1806 275 1879 bellum,
303 1825 370 1869 cum
391 1806 497 1887 quibus
523 1827 626 1887 pacem
652 1810 826 1880 habeamus,
852 1828 884 1870 se
908 1808 1028 1869 modum

61 1896 213 1974 inponere
227 1910 330 1953 aecum
345 1899 454 1952 censet.
484 1892 699 1953 circumscribit
709 1891 889 1971 includitque
900 1911 954 1953 nos
968 1901 1028 1952 ter·

63 1977 156 2038 minis
167 1977 313 2037 montium
327 1975 553 2053 fluminumque,
567 1994 640 2054 quos
654 1993 715 2039 non
726 1974 915 2044 excedamus,
933 1992 1028 2053 neque

65 2079 129 2131 eos,
146 2077 220 2141 quos
235 2060 348 2129 statuit,
364 2059 507 2119 terminos
521 2057 665 2120 observat.
694 2105 710 2128 ,‚
719 2075 757 2119 ne
771 2058 923 2118 transieris
937 2057 1056 2117 Hibe-t

59 2144 149 2211 rum!
175 2162 214 2205 ne
232 2143 301 2224 quid
312 2144 357 2204 rei
371 2140 425 2204 tibi
441 2141 479 2203 sit
493 2160 559 2204 cum
571 2142 755 2220 Saguntinis!
765 2150 782 2173 ‘⁶
812 2187 829 2211 ,‚
837 2148 868 2199 at
884 2142 928 2200 cis
941 2138 1023 2199 Hibe

63 2247 135 2290 rum
142 2235 187 2288 est
193 2227 355 2307 Saguntum
363 2235 381 2260 ‘⁴
396 2245 566 2307 „nusquam
573 2235 602 2287 te
614 2227 734 2304 vestigio
743 2224 883 2285 moveris!
892 2230 911 2256 “
924 2239 1028 2301 parum
1039 2230 1055 2277 1

65 2321 113 2373 est
128 2309 207 2388 quod
218 2313 388 2372 veterrimas
398 2312 563 2389 provincias
574 2328 656 2371 meas
668 2308 798 2370 Siciliam
812 2325 847 2367 ac
862 2305 1027 2368 Sardiniam

65 2394 191 2456 adimis?
223 2395 330 2456 adimis
352 2395 439 2455 etiam
458 2394 631 2473 Hispanias?
658 2402 687 2455 11
707 2390 818 2454 siinde
841 2407 973 2459 cessero,
995 2390 1027 2449 in

64 2478 195 2538 Africam
215 2477 413 2540 transcendes.
449 2476 640 2539 transcendes
653 2485 750 2538 autem
769 2475 852 2536 dicct
869 2475 943 2535 duos
956 2490 1026 2534 con·

65 2560 146 2622 sules
162 2561 248 2623 huius
264 2564 348 2633 anni,
363 2580 456 2623 unum
470 2562 658 2633 1111111111,
674 2561 799 2622 alterum
811 2561 843 2620 in
856 2558 1026 2644 Hispaniam

65 2647 220 2707 miserunt.
253 2645 326 2708 nihii
341 2664 464 2726 usquam
479 2646 565 2709 nobis
578 2645 713 2708 relictum
731 2653 790 2715 est,
810 2644 866 2705 nisi
882 2642 961 2723 quod
979 2661 1025 2703 11-

65 2729 124 2790 mis
137 2729 362 2790 vindicaremus.
407 2729 464 2790 iliis
487 2730 595 2792 timidis
616 2739 646 2790 et
667 2731 778 2808 ignavis
796 2745 859 2789 esse
879 2726 960 2797 licet,
977 2727 1052 2806 quit

13 2877 27 2889 ⁴
65 2820 235 2887 respectum
254 2810 379 2879 habent,
404 2831 477 2890 quos
491 2832 543 2875 sua
558 2823 652 2882 terra,
674 2832 744 2873 snus
760 2828 831 2889 ager
847 2828 902 2887 per
915 2817 977 2869 tuta
993 2827 1028 2869 ac

66 2901 171 2970 pacata
185 2894 291 2952 itinera
310 2891 456 2968 fugientes
474 2897 632 2974 accipient:
654 2893 735 2953 vobis
750 2909 871 2952 neccsse
886 2899 931 2951 est
943 2890 1027 2949 11111·

66 2973 124 3034 bus
138 2975 206 3034 viris
222 2991 287 3034 esse
307 2982 337 3033 et
355 2977 490 3041 omnibus
509 2981 587 3042 inter
601 2978 753 3037 victoriam
770 2981 932 3034 mortemve
948 2980 1028 3033 certa

67 3057 274 3138 desperatione
295 3055 428 3136 abruptis
438 3063 617 3121 aut'vincere
628 3069 691 3130 aut,
706 3061 732 3119 si
746 3058 863 3118 fortuna
875 3054 1026 3125 dubitabit,

66 3144 100 3202 in
114 3142 228 3223 proelio
247 3143 345 3221 potius
364 3159 451 3220 quam
466 3144 496 3203 in
518 3143 586 3219 iuga
607 3151 734 3203 mortem
750 3147 900 3219 oppetere.
929 3141 954 3199 si
970 3139 1027 3199 hoc

66 3225 143 3288 bene
159 3228 249 3288 iixum
264 3218 401 3287 omnibus
421 3229 449 3287 si
466 3226 641 3301 destinatum
662 3227 695 3285 in
718 3225 814 3285 animo
840 3231 897 3294 est,
919 3224 1026 3291 iterum

68 3309 181 3381 dicam,
203 3311 327 3372 vicistis:
353 3308 465 3372 nullum
480 3317 650 3388 contemptu
664 3313 741 3370 citae
756 3307 893 3369 11111111
908 3307 1026 3367 111111-

69 3393 139 3465 dum
155 3396 268 3456 homini
284 3392 321 3456 ab
338 3393 383 3455 dis
394 3392 601 3457 inmortalibus
616 3396 713 3455 acrius
728 3393 827 3453 datum
844 3400 919 3452 est.“

131 3478 212 3538 XLV.
245 3479 298 3541 iiic
312 3477 564 3541 adhortationibus
575 3497 642 3540 cum
658 3479 806 3556 utrimque
821 3476 857 3536 ad
873 3482 1049 3536 certamen!

112 3594 138 3628 ’1,
156 3594 216 3629 1111
237 3594 304 3630 unns
324 3594 356 3632 11.
785 3566 823 3625 16
