2575 4067
324 255 417 299 nmen
426 257 503 299 xxu.
520 256 589 300 aar.
603 245 631 300 b.
642 246 668 298 6.
682 235 722 319 [a.
735 239 770 304 (i.
784 237 846 321 2171
997 241 1060 308 idd

101 408 209 470 mixtos
233 405 427 487 strepentium
452 399 680 484 paventiumque
705 402 850 465 clamores
870 406 1058 469 circumiere·

102 489 174 551 bant
187 507 240 551 ora
255 487 424 569 oculosque.
455 486 505 548 aiii
525 488 671 567 iugientes
689 488 882 567 pugnantium
903 489 991 569 globo
1015 492 1086 552 ino

103 573 153 634 iati
167 571 345 644 haerebant,
368 569 441 633 alios
464 570 622 633 redeuntes
643 572 673 631 in
696 587 825 652 pugnam
841 572 991 635 avertebat
1014 574 1058 635 iu·

100 658 243 737 gientiurn
262 671 376 733 agmen
408 653 528 725 deinde,
549 653 600 716 ubi
613 655 644 714 in
661 655 757 717 omnis
776 656 869 734 partis
882 657 1089 737 nequiquamo

99 737 444 900 idiritiiid
458 736 1060 903 iiiiiiuiiiiidtiidiiii

99 908 157 968 nisi
170 908 202 967 in
218 905 338 966 dextera
354 904 492 986 ferroque
507 904 608 967 salutis
623 923 707 984 spem
721 922 800 976 esse,
822 913 884 968 tum
908 906 964 968 sibi
980 908 1086 987 quis-t

99 1008 158 1070 que
173 989 233 1051 dux
251 989 481 1069 adhortatorque
502 987 596 1050 iactus
614 989 651 1050 ad
674 1007 738 1051 rem
754 988 915 1067 gerendam
938 999 967 1052 et
985 1008 1059 1052 nova

100 1074 138 1134 de
152 1074 268 1151 integro
285 1079 386 1135 exorta
408 1089 508 1152 pugna
522 1079 582 1143 est,
606 1089 667 1133 non
690 1071 740 1134 illa
754 1072 888 1135 ordinata
902 1091 957 1153 per
976 1075 1058 1155 prin·

99 1158 180 1237 cipes
191 1156 381 1236 hastatosque
391 1173 426 1217 ac
437 1157 570 1227 irtarios,
586 1172 642 1217 nec
653 1162 687 1216 ut
697 1173 753 1235 pro
763 1157 855 1234 signis
866 1158 1057 1236 antesignani,

98 1247 166 1320 post
179 1241 262 1318 signa
273 1238 329 1300 alia
344 1246 491 1319 pugnaret
503 1240 596 1309 acies,
612 1257 669 1302 nec
683 1240 762 1300 utin
775 1257 828 1300 sua
846 1238 963 1320 legione
973 1239 1059 1302 miles

99 1331 150 1385 aut
163 1323 285 1384 cohorte
303 1330 354 1384 aut
365 1320 515 1402 manipulo
530 1331 622 1385 esset:
638 1323 700 1384 iors
716 1320 887 1401 conglobat,
904 1332 934 1385 et
944 1324 1088 1385 animust

98 1425 170 1469 suus
184 1408 290 1487 cuique
305 1415 374 1469 ante
390 1413 439 1468 aut
459 1413 526 1485 post
546 1406 697 1487 pugnandi
712 1406 848 1468 ordinem
870 1406 971 1477 dabat:
993 1415 1058 1469 tan·

98 1499 202 1571 tusque
214 1491 268 1551 iuit
280 1490 370 1551 ardor
381 1490 560 1559 animarum,
576 1489 650 1551 adeo
661 1491 792 1551 intentus
806 1507 922 1569 pugnae
933 1491 1057 1561 animus,

99 1582 131 1636 ut
141 1592 209 1635 eum
220 1581 332 1635 motum
344 1580 450 1642 terrae,
468 1571 685 1652 quimuitarum
695 1572 815 1634 urbium
825 1572 926 1635 itallae
936 1589 1058 1652 magnas

97 1666 197 1737 partes
221 1657 380 1735 prostravit
399 1658 561 1736 avertitque
584 1675 673 1719 cursu
695 1656 816 1736 rapidos
838 1658 948 1728 amnis,
975 1675 1058 1720 mare

98 1739 268 1802 iiuminibus
290 1742 412 1809 invexit,
436 1749 552 1801 montes
570 1739 653 1821 lapsu
672 1741 786 1819 ingenti
808 1742 939 1821 proruit,
970 1748 1060 1803 nemo

97 1825 290 1903 pugnantium
308 1825 442 1886 senserit
767 1900 769 1905 s

159 1907 205 1969 VI.
231 1907 298 1969 Tris
318 1906 412 1969 ierme
432 1907 522 1969 boras
541 1914 703 1987 pugnatum
720 1916 779 1976 est,
804 1917 834 1970 et
853 1907 963 1988 ubique
982 1912 1085 1969 atro-t

98 1990 185 2061 citer;
201 1993 279 2053 circa
293 1989 445 2053 consulem
460 1998 559 2053 tamen
572 1992 671 2052 acrior
684 1990 876 2071 infestiorque
891 2007 989 2070 pugna
1003 1998 1056 2051 ast.

97 2092 165 2136 eum
181 2082 210 2136 et
230 2074 339 2138 robora
360 2076 490 2137 virorum
511 2072 710 2154 sequebantur
725 2080 755 2135 et
771 2074 849 2152 ipse,
874 2080 1085 2152 quacumquat

96 2159 128 2219 in
142 2165 225 2239 parte
241 2160 337 2239 premi
351 2176 386 2220 ac
406 2156 543 2219 laborare
560 2164 694 2220 senserat
708 2173 792 2223 suos,
812 2156 928 2235 inpigre
945 2154 1059 2215 ferebat

98 2260 200 2321 opem;
225 2244 429 2323 insignemque
443 2243 534 2304 armis
551 2250 580 2303 et
594 2241 695 2302 hostes
709 2256 823 2302 summa
834 2241 862 2299 ri
876 2236 1015 2318 petebant
1030 2243 1085 2297 att

64 2323 66 2326 ⁴
97 2325 255 2389 tuebantur
268 2328 361 2397 cives,
385 2325 479 2388 donec
493 2325 618 2387 Insuber
639 2343 786 2404 eques-
803 2322 928 2386 Ducario
949 2338 1062 2383 nomen·

98 2418 162 2471 erat
175 2444 216 2457 -
228 2411 303 2472 iacie
314 2428 431 2490 quoque
442 2411 591 2471 noscitans
602 2407 753 2470 conssdem
768 2414 860 2479 „en“
874 2405 970 2485 inquit
983 2403 1058 2476 „hic

98 2500 143 2554 est
150 2502 168 2526 “
182 2494 372 2575 popsdaribus
383 2494 458 2564 suis,
476 2495 554 2573 „qui
568 2493 699 2571 legiones
712 2499 827 2553 nostras
841 2489 947 2552 cecidit
956 2506 1057 2567 agros·

97 2595 154 2657 que
167 2587 196 2639 et
209 2578 315 2641 urbem
329 2586 374 2639 est
385 2576 591 2659 depopulatus!
608 2577 666 2637 iarn
678 2593 732 2655 ego
746 2575 822 2636 banc
833 2575 980 2636 victimam
995 2590 1056 2635 ma·

97 2659 183 2723 uibus
192 2668 414 2743 peremptorum
426 2662 511 2723 ioede
524 2663 629 2723 civium
641 2658 732 2730 dabo;
741 2668 761 2693 “
772 2658 955 2737 subditisque
963 2655 1056 2720 caica·
1069 2664 1086 2714 a

95 2742 178 2806 ribus
195 2764 271 2825 equo
285 2763 340 2824 per
359 2743 606 2807 confertissimam
628 2744 756 2804 hostium
779 2742 895 2805 turbam
916 2742 1057 2820 impetum

96 2827 183 2897 iacit,
195 2827 429 2908 obtruncatoque
438 2830 522 2907 prius
533 2829 695 2903 armigero,
711 2827 801 2905 quise
811 2825 920 2887 infesto
930 2824 1059 2884 venienti

96 2920 213 2977 obviam
229 2917 389 2982 obiecerat,
406 2918 558 2975 consulem
572 2916 677 2971 iancea
691 2909 851 2973 transfixit3
868 2909 996 2981 spoliare
1011 2920 1062 2962 cu·

96 2998 227 3078 piantem
239 2997 336 3055 triarii
349 2994 578 3057 obiectisscutis
590 3008 724 3054 arcuere.
750 3004 874 3067 magnae
886 2987 981 3063 partis
993 2983 1089 3079 ingan

97 3080 168 3143 inde
184 3081 315 3157 primum
332 3080 448 3156 coepit;
472 3088 501 3140 et
515 3083 574 3139 iam
590 3094 645 3138 nec
665 3074 747 3135 lacus
761 3089 817 3133 nec
832 3078 948 3131 montes
962 3082 1063 3145 pavori

97 3164 273 3229 obstabant:
296 3181 351 3243 per
367 3163 463 3223 omnia
486 3168 550 3222 arta
565 3167 783 3237 praeruptaque
798 3153 879 3217 reiut
901 3153 982 3214 caeci
997 3166 1062 3210 eva·

99 3252 181 3321 dunt,
193 3265 334 3329 armaque
346 3253 376 3308 et
390 3247 447 3307 uiri
461 3263 551 3325 super
562 3242 650 3305 alium
663 3242 714 3304 alii
726 3240 972 3319 praecipitantur.
996 3240 1090 3330 parst

100 3350 221 3413 magna,
245 3331 298 3394 ubi
313 3330 394 3394 locus
409 3331 498 3409 iugae
513 3329 612 3397 deest,
635 3344 690 3404 per
704 3325 799 3405 prima
814 3322 887 3384 rada
907 3318 1020 3400 paludis
1035 3334 1066 3376 rn

102 3437 207 3499 aquam
219 3418 379 3498 progressi,
396 3414 476 3495 quod
493 3410 641 3494 capitibus
651 3410 800 3471 umerisve
816 3414 917 3468 extare
932 3407 1064 3484 possunt,

102 3521 166 3564 sese
180 3506 362 3580 inmergant.
386 3502 469 3562 fuere
483 3515 557 3578 quos
569 3495 753 3558 inconsultus
765 3489 964 3573 perornando
978 3489 1065 3549 etiam
