2575 4067
231 206 271 266 ’16
427 218 522 259 bruna
535 217 605 262 vm.
620 215 689 259 oar.
705 205 749 260 25.
764 203 809 258 26.
826 195 866 278 [a.
880 220 912 259 u.
928 218 955 258 c.
970 195 1032 277 428]

156 413 160 422 ,
203 366 412 448 11111111111
428 364 547 426 foedere
560 383 631 443 ergo
643 365 675 424 in
686 364 844 425 amicitiam
854 365 979 443 accepti.
1004 362 1109 424 eodem
1122 376 1202 427 tem·

231 468 306 530 pore
323 451 408 511 etiam
429 451 461 510 in
476 448 595 510 Samnio
614 465 663 509 res
680 465 823 527 prospere
846 456 937 526 gesta.
973 448 1029 508 tria
1045 448 1154 527 oppida
1166 452 1199 510 iu

231 541 404 612 potestatem
431 540 590 604 venerunt,
617 530 722 593 Allifae
742 530 861 593 Callifae
884 531 1035 602 Rufrium,
1063 530 1200 613 aliusque

232 634 302 696 ager
313 619 409 697 primo
417 616 542 678 adventu
551 615 706 678 consulum
720 614 807 694 longe
821 614 937 694 lateque
947 624 992 676 est
1002 624 1197 695 pervastatos.

204 702 289 762 bhoc
303 700 381 761 bello
396 708 456 762 tam
472 718 615 781 prospero
628 702 785 761 commisso
796 697 881 760 alteri
894 716 1012 779 quoque
1026 697 1120 771 bello,
1138 718 1198 779 quo

232 786 336 847 Graeci
353 784 577 855 obsidebantur,
599 785 657 844 iam
679 785 747 845 linis
761 782 872 844 aderat.
902 800 971 844 nam
986 790 1197 863 praeterquam

231 870 310 949 quod
331 869 517 949 intersaeptis
535 868 727 928 munimentis
749 868 877 928 hostium
897 885 967 946 pars
988 869 1065 947 parti
1083 866 1196 928 abscisa

231 960 307 1023 erat,
327 952 459 1013 foediora
469 951 618 1030 aliquanto
633 952 712 1012 intra
723 969 824 1012 muros
837 952 888 1021 iis,
904 950 1011 1030 quibus
1026 950 1120 1011 hostis
1135 959 1196 1011 ter·

202 1036 336 1098 61111111
351 1034 581 1117 [patiebantur],
604 1042 634 1096 11
653 1034 732 1096 velut
750 1037 828 1114 capti
845 1054 862 1096 a
877 1036 998 1096 suismet
1019 1035 1092 1114 ipsis
1107 1053 1195 1115 prae·

230 1121 312 1182 sidiis
326 1121 447 1199 indigna
461 1121 519 1181 iam
535 1123 568 1180 11
588 1118 691 1180 liberis
705 1137 821 1199 quoque
836 1138 870 1180 ac
885 1117 1059 1198 coniugibus
1074 1127 1104 1178 et
1118 1137 1195 1199 quae

202 1213 383 1283 7111111111
401 1204 520 1265 urbium
538 1212 670 1265 extrema
690 1212 760 1264 suut
779 1202 975 1283 patiebantur.
1006 1204 1105 1282 itaque
1126 1220 1195 1263 cum

193 1362 196 1367 ¹
231 1296 260 1349 et
274 1307 290 1348 a
306 1288 434 1350 Tarento
453 1295 483 1348 et
497 1306 514 1348 a
529 1286 708 1350 Samnitibus
725 1287 803 1348 fama
819 1293 897 1347 esset
910 1304 985 1348 nora
1000 1285 1108 1348 auxilia
1121 1304 1194 1346 ven·

230 1380 310 1444 tura,
334 1373 509 1435 Samnitium
523 1371 589 1452 plus
607 1390 695 1451 quam
711 1369 819 1432 vehent
838 1371 915 1433 11111
936 1372 1053 1432 moenia
1067 1388 1133 1431 esse
1146 1389 1193 1431 re·

204 1455 352 1526 8111111111,
368 1456 596 1516 Tarentinorum
612 1457 807 1525 iuventutem,
830 1455 935 1516 Graeci
951 1455 1092 1525 Graecos,
1115 1453 1194 1515 haud

233 1541 331 1601 minus
352 1556 407 1618 per
422 1556 495 1618 quos
509 1539 633 1600 Samniti
648 1537 819 1618 Nolanoque
831 1557 918 1617 quam
933 1546 966 1600 ut
986 1537 1126 1599 Romanis
1140 1538 1194 1599 ho·

230 1623 324 1683 stibus
339 1623 527 1694 resisterent,
544 1620 746 1702 expectabant.
771 1629 921 1704 postremo
935 1621 1115 1683 levissimum
1131 1641 1194 1683 ma·

202 1704 328 1766 olorum
351 1704 461 1766 deditio
483 1705 520 1766 ad
541 1705 690 1767 Romanos
711 1708 781 1768 risa.
815 1704 966 1769 Charilaus
984 1715 1013 1767 et
1030 1706 1195 1785 Nymphius

228 1790 380 1869 principes
394 1791 516 1850 civitatis
531 1792 747 1851 communicato
762 1791 841 1851 inter
858 1808 890 1851 se
902 1789 1140 1869 consiliopartes
1156 1791 1193 1850 ad

229 1890 295 1933 rem
309 1871 452 1951 agendam
471 1873 611 1945 (11111111,
628 1881 662 1933 ut
676 1873 750 1934 alter
767 1873 804 1935 ad
818 1876 1029 1955 imperatorem
1044 1873 1193 1935 Romano·

228 1975 295 2017 rum
315 1956 529 2035 transfugeret,
552 1956 627 2018 alter
642 1956 816 2019 subsisteret
832 1959 868 2020 ad
889 1957 1090 2038 praebendam
1104 1976 1194 2038 opor·

188 2048 220 2100 lo
232 2049 333 2101 tunam
355 2040 477 2101 consilio
497 2041 612 2103 urbem.
644 2040 796 2104 Charilaus
815 2041 884 2113 fuit,
906 2043 955 2122 qui
977 2043 1014 2103 ad
1034 2040 1193 2104 Publilium

227 2124 383 2186 Philonem
406 2126 485 2186 venit
507 2133 551 2197 11,
578 2125 658 2206 quod
679 2123 790 2187 bonum
811 2125 939 2187 faustum
959 2124 1030 2187 felix
1050 2125 1193 2206 Palaepa-

227 2207 325 2271 litanis
339 2207 509 2289 populoque
520 2205 655 2272 Romano
670 2218 762 2281 esset,
778 2209 896 2271 tradere
907 2228 940 2270 se
951 2211 991 2272 ait
1001 2212 1117 2272 moenia
1133 2218 1190 2273 sta·

187 2301 216 2353 11
229 2294 329 2356 tuisse.
362 2312 398 2355 eo
418 2292 495 2354 facto
510 2302 611 2356 utrum
625 2294 662 2356 ab
677 2313 709 2355 se
728 2294 845 2374 prodita
860 2311 898 2355 au
911 2302 1025 2355 serrata
1039 2295 1135 2374 patria
1148 2296 1191 2356 vi-

228 2379 345 2447 deatur,
367 2379 399 2438 111
420 2376 479 2438 lide
495 2378 628 2439 Romana
649 2379 777 2459 positum
798 2396 872 2439 esse.
902 2377 959 2439 sibi
979 2378 1113 2458 privatim
1135 2395 1193 2440 nec

185 2469 218 2520 12
228 2462 337 2540 pacisci
352 2462 510 2540 quiequam
525 2479 581 2522 uec
594 2469 715 2541 petere;
733 2460 850 2542 publice
864 2470 967 2542 petere
978 2480 1066 2541 quam
1081 2462 1193 2542 pacisci

227 2545 336 2620 magis,
358 2551 405 2612 ut,
421 2543 446 2603 si
461 2545 651 2606 successisset
671 2547 812 2626 inceptis,
834 2548 977 2625 cogitaret
991 2544 1193 2626 1111111111-

226 2643 330 2687 manus
345 2627 458 2705 potius,
484 2645 552 2688 cum
567 2635 676 2708 quanto
697 2629 793 2691 studio
808 2629 1000 2709 periculoque
1015 2629 1143 2690 reditum
1158 2631 1191 2690 in

228 2710 385 2771 amicitiam
401 2727 485 2770 suam
503 2718 594 2781 esset,
610 2730 698 2791 quam
715 2732 772 2794 qua
787 2712 910 2776 stultitia
926 2721 956 2775 et
971 2714 1137 2775 temeritate
1152 2714 1192 2775 de

184 2799 217 2852 13
226 2792 323 2854 officio
344 2793 508 2854 decessum.
544 2794 736 2858 conlaudatus
758 2799 797 2860 ab
823 2799 1003 2878 imperatore
1029 2799 1085 2857 tria
1108 2796 1193 2857 milia

225 2875 350 2939 militum
373 2876 409 2938 ad
434 2878 636 2958 occupandam
659 2899 723 2943 eam
743 2889 859 2961 partem
878 2882 976 2953 urbis,
999 2899 1087 2961 quam
1104 2880 1189 2942 Sam·

225 2961 302 3025 nites
314 2960 497 3034 insidebant,
518 2966 645 3044 accepit:
668 2963 814 3043 praesidio
829 2969 856 3026 ei
871 2966 904 3027 L.
920 2964 1074 3036 Quinctius
1093 2963 1190 3025 tribu·

199 3052 212 3103 1
225 3063 282 3107 nus
296 3045 420 3107 militum
434 3048 630 3126 praepositus.
661 3047 760 3110 xxvi.
783 3048 895 3110 Eodem
912 3048 1190 3129 11111111111111111·

224 3130 311 3209 phius
339 3135 509 3210 praetorem
531 3131 706 3193 Samnitium
726 3139 789 3194 arte
818 3133 975 3214 adgressus
1006 3131 1188 3213 perpulerat,

9 3217 170 3284 „fs”
222 3220 271 3283 ut,
289 3215 428 3294 quoniam
443 3216 539 3276 11111111
552 3215 703 3277 Romanus
717 3219 864 3280 exercitus
886 3225 936 3281 aut
954 3218 1031 3278 circa
1046 3215 1189 3295 Palaepo-

223 3296 275 3358 lim
292 3301 388 3382 autin
406 3298 525 3367 Samnio
541 3307 631 3371 esset,
655 3302 767 3362 sineret
787 3318 819 3362 se
838 3301 931 3364 classe
941 3299 1128 3362 >circumvehi
1149 3297 1188 3360 ad

224 3381 388 3442 Romanum
409 3399 528 3459 agrum,
551 3401 610 3446 non
631 3402 714 3447 oram
731 3383 818 3446 modo
839 3388 943 3457 maris,
966 3384 1020 3446 sed
1041 3385 1099 3464 ipsi
1120 3381 1189 3444 urbi

194 3465 388 3544 apropinqua
402 3463 467 3527 loca
479 3465 736 3547 depopulaturum.
759 3469 811 3530 sed
821 3478 855 3531 ut
868 3468 998 3540 falleret,
1016 3475 1187 3548 11111111·
