2575 4067
263 286 357 330 maa
367 288 410 329 11.
427 286 496 329 oar.
511 264 787 349 ea.ae.[s.c.a11.
802 266 865 351 elo]
983 271 1046 338 129
1134 261 1149 288 ⁸

74 438 148 516 tegrl
163 436 275 501 sessis.
290 442 506 497 successerunt.
536 434 667 503 Etrusci,
683 436 751 513 quia
767 433 855 496 nullis
876 435 1076 500 recenubuso

74 520 217 581 subsidiis
229 517 306 581 iaalta
321 520 416 599 prlrna
431 519 509 579 acies
524 518 594 589 luit,
610 526 679 580 ante
691 519 776 597 signa
788 519 926 600 circaque
941 539 1046 584 omnes

72 604 267 665 ceciderunt.
296 600 377 663 nullo
391 619 532 684 umquam
544 600 658 682 proelio
679 601 766 679 iugae
782 602 882 663 minus
903 620 960 664 nec
979 604 1046 683 plus

73 687 171 748 caedis
186 687 317 756 luisset,
335 686 367 745 ni
381 684 545 747 obstinatos
560 687 638 747 morl
652 684 765 746 Tuscos
780 701 839 746 nox
853 687 988 757 texisset,
1005 687 1046 749 ita

71 779 103 831 ut
118 772 261 831 victores
270 770 354 849 prius
367 786 456 849 mam
467 769 535 829 victi
546 767 697 850 pugnandi
712 768 801 829 mem
811 769 953 832 iacerent.
978 778 1045 849 post
1055 777 1089 830 to

72 871 216 915 occasum
236 852 309 913 solis
330 854 448 932 signum
466 854 600 934 receptui
617 851 718 913 datum
732 860 793 921 est;
810 860 898 914 nocte
913 852 950 914 ab
965 861 1046 915 utro·

71 939 178 1015 quein
195 943 300 998 castra
316 935 454 996 reditum.
486 953 542 995 nec
557 934 664 996 deinde
680 936 837 1015 qucquam
856 954 892 998 eo
908 954 986 998 anno
1001 938 1047 1000 rei
1057 943 1089 996 ιι

72 1021 224 1081 memoria
244 1019 351 1098 dignae
366 1018 444 1099 apud
461 1019 592 1081 Sutrium
608 1027 724 1098 gestum
742 1026 802 1092 est,
818 1021 886 1101 qula
900 1028 931 1081 et
946 1038 982 1081 ex
992 1019 1046 1082 bo·

72 1103 161 1165 stium
176 1105 319 1165 exercitu
337 1103 433 1182 prima
453 1110 513 1163 tota
534 1103 612 1163 acies
627 1100 723 1164 deleta
741 1121 801 1165 uno
815 1102 930 1183 proelio
950 1104 1048 1165 luerat

73 1185 267 1249 subsidiariis
283 1186 373 1248 modo
389 1185 516 1257 relictis,
532 1188 582 1246 rix
599 1185 679 1264 quod
694 1187 764 1248 satls
778 1195 857 1248 esset
881 1186 919 1248 ad
936 1195 1047 1249 castro·

73 1287 140 1331 rum
155 1269 363 1352 praesidinm,
384 1277 414 1332 et
427 1269 506 1351 apud
520 1271 669 1332 Romanos
684 1277 798 1331 tantum
813 1269 968 1332 vulnerum
983 1271 1047 1342 luit
1057 1279 1092 1330 12

74 1359 106 1412 ut
114 1353 227 1432 plures
240 1360 308 1434 post
318 1352 464 1434 proelium
473 1354 564 1415 sandi
576 1352 765 1422 decesserint.
779 1372 866 1434 quam
878 1353 1049 1417 ceciderant

75 1435 105 1495 in
120 1439 200 1499 acie.
250 1436 378 1499 xxxin.
411 1435 446 1505 Q.
462 1435 570 1499 Fabius
583 1438 767 1516 insequentis
782 1438 852 1499 anui
866 1436 970 1499 consul
984 1436 1074 1499 bel-1

75 1514 136 1580 lum
159 1522 200 1582 ad
226 1522 360 1583 Sutrium
379 1521 509 1602 excepit,
533 1519 646 1600 collega
661 1519 752 1583 Fabio
773 1521 805 1585 C.
820 1521 948 1584 Marcius
964 1520 1047 1583 liuti-

76 1599 122 1662 lus
139 1604 233 1667 datus
250 1611 304 1667 est.
334 1611 466 1666 ceterum
484 1612 514 1666 et
530 1604 638 1666 Fabius
653 1603 890 1685 supplementum
906 1603 943 1668 ab
957 1604 1078 1668 llomaa

78 1685 221 1760 adduxit,
248 1697 278 1749 et
296 1706 389 1750 novus
403 1691 550 1750 exercitus
570 1689 659 1749 domo
679 1690 791 1751 accitus
807 1689 940 1751 Etruscis
957 1692 1047 1752 uenit.

140 1771 293 1834 Permulti
304 1774 374 1834 anni
387 1774 446 1833 lam
458 1780 551 1844 erant,
569 1790 636 1834 cum
651 1773 730 1834 inter
741 1775 882 1854 patricios
893 1776 1077 1853 magistra-t

82 1859 128 1913 tus
148 1857 351 1937 tribunosque
378 1855 458 1917 nulla
480 1857 642 1918 certamina
658 1857 790 1925 lucrant,
814 1874 881 1919 cum
902 1874 938 1918 ex
955 1875 990 1919 ea
1004 1857 1048 1918 ia·

81 1938 169 2011 mdia,
179 1943 232 2002 cui
246 1939 326 2002 velut
336 1940 397 2001 lato
408 1939 518 2001 liscum
528 1939 656 2002 ulbunls
667 1958 702 2001 ac
713 1939 801 2020 plebe
812 1947 884 2007 erat
897 1948 1049 2003 certamen

82 2023 188 2086 oritur.
226 2025 282 2104 Ap.
304 2022 442 2086 Claudius
461 2041 568 2086 censor
588 2024 775 2085 circumactis
795 2022 899 2083 decern
928 2032 959 2085 et
979 2032 1078 2086 octos

81 2107 252 2179 mensibus,
273 2107 351 2187 quod
373 2106 496 2170 Aemilia
522 2105 589 2185 lege
612 2106 727 2167 linitum
750 2122 893 2167 censurae
923 2108 1049 2185 spatium

83 2194 231 2271 temporis
245 2198 323 2262 erat,
340 2210 407 2253 cum
422 2191 454 2253 d.
471 2189 603 2251 Plautius
618 2187 733 2267 collega
748 2189 810 2250 elus
829 2189 1002 2265 magistratu
1018 2206 1050 2248 se

84 2270 267 2346 abdicasset,
282 2274 401 2338 stillari
412 2272 549 2355 conpelli,
567 2281 601 2335 ut
613 2270 779 2343 abdicaret,
794 2271 899 2351 potuit.
919 2269 953 2331 P.
969 2270 1080 2332 Sem-b

85 2360 210 2432 pronius
225 2366 289 2420 erat
302 2357 563 2440 tribunusplebis,
578 2358 629 2437 qui
644 2352 791 2417 finiendae
815 2370 959 2416 censurae
973 2353 1052 2415 intre

85 2434 252 2517 legitimum
272 2450 390 2525 tempus
418 2443 564 2503 actionem
589 2445 774 2520 susceperat,
795 2455 855 2500 non
877 2435 1051 2519 popularem

85 2527 178 2603 magis
201 2544 292 2607 quam
311 2527 419 2587 iustam
441 2543 497 2586 nec
522 2527 554 2586 in
572 2522 678 2604 vulgus
698 2540 787 2605 quam
811 2523 923 2604 optimo
945 2523 1052 2604 cuique

88 2609 258 2681 gratiorem.
297 2610 402 2672 lscum
427 2608 589 2671 identidem
609 2606 707 2688 legem
726 2605 879 2669 Aemiliam
903 2609 1083 2679 recitareto

88 2699 298 2772 auctoremque
313 2693 378 2754 eius
399 2689 580 2754 Mamercum
591 2691 748 2754 Aemilium
765 2691 940 2755 dictatorem
958 2689 1053 2755 laudi·

88 2766 142 2834 bus
158 2776 266 2847 ierret,
289 2777 339 2857 qui
358 2775 611 2857 quinquennalem
632 2783 701 2837 ante
717 2793 872 2838 censuram
893 2784 923 2838 et
936 2774 1053 2854 longin-

90 2857 199 2933 quitate
216 2867 392 2940 potestatem
410 2860 609 2922 dominantem
628 2860 707 2919 intra
721 2876 774 2920 sex
786 2876 922 2919 mensum
937 2866 967 2917 et
984 2859 1054 2918 anni

94 2945 237 3019 coegisset
256 2945 401 3025 spatium:
429 2989 448 3014 „
456 2943 503 3005 dlc
522 2942 648 3023 agedum
656 2948 674 2974 “
694 2940 805 3018 lnquit,
827 2941 929 3019 „Appi
942 2936 1085 3010 Claudi?

92 3024 230 3099 quidnam
245 3025 378 3089 facturus
393 3027 499 3097 lucris,
515 3029 541 3089 si
561 3045 596 3088 eo
613 3033 763 3103 tempore,
780 3039 839 3102 quo
854 3022 886 3085 C.
902 3020 1009 3081 Furius
1024 3029 1055 3081 ct

92 3100 128 3165 Μ.
148 3109 298 3189 Geganius
319 3128 459 3173 censores
482 3111 616 3181 inerunt,
638 3123 746 3170 censor
768 3106 904 3167 luisses.⁴‘
943 3112 1084 3182 negares

94 3185 202 3270 Appius
223 3194 487 3274 interrogationem
508 3192 621 3254 tribuni
641 3208 750 3269 magno
771 3206 862 3270 opere
882 3186 920 3249 ad
935 3205 1053 3249 causam

94 3278 243 3347 pertinere
257 3296 355 3351 suam:
371 3297 441 3339 nam
456 3285 486 3337 et
499 3279 525 3337 si
538 3276 669 3338 tenuerit
681 3272 730 3335 lex
743 3270 868 3334 Aemilia
883 3289 934 3332 eos
949 3288 1053 3332 censo·

96 3367 158 3431 1⁸0⁸,
174 3379 300 3441 quorum
314 3364 346 3424 in
360 3363 534 3441 magistratu
548 3358 606 3419 lata
621 3363 715 3425 essct,
737 3357 805 3436 quia
819 3362 887 3436 post
897 3353 965 3416 illos
982 3363 1081 3416 cen-e

95 3453 176 3504 sores
194 3453 309 3508 creatos
323 3465 388 3509 eam
409 3446 506 3523 legem
524 3439 651 3523 populus
670 3440 818 3510 iussisset,
842 3438 979 3520 quodque
998 3457 1053 3521 po·

7 3549 9 3557 ·
98 3528 235 3588 uranum
243 3530 389 3601 iussisset,
401 3530 432 3590 ld
446 3530 492 3591 ius
502 3535 658 3607 ratumque
669 3533 760 3595 esset,
779 3541 840 3586 non
851 3531 1055 3588 tamenautse

141 3639 167 3676 ἲ.
184 3640 247 3680 ΗΠ
265 3644 335 3682 PAR!
354 3645 387 3682 11.
829 3612 849 3667 9
