2575 4067
252 216 314 277 246
431 228 523 270 crasa
536 228 600 270 ιιι.
616 226 685 269 oar.
700 211 743 266 49.
758 211 802 267 50.
814 201 856 286 [aL
870 227 901 266 n.
916 226 943 267 c.
958 201 1019 284 536]

210 385 228 436 e
253 378 456 438 adventantem
476 375 604 436 hostium
629 372 753 435 classem
773 373 864 433 missi.
896 374 1009 451 itaque,
1033 391 1225 453 quamquam

253 460 290 521 de
306 458 450 521 industria
466 460 572 520 morati
586 474 705 519 cursum
720 457 836 518 narium
847 463 933 517 orant
943 456 1224 534 Carthaginienses,

253 551 285 604 ut
299 550 368 605 anto
383 542 479 605 lucem
501 541 677 603 accederent
692 539 876 619 Lilybaeum,
897 557 1092 619 praesensum
1112 548 1224 603 tamen

254 635 311 697 est,
326 628 393 706 quia
405 633 436 687 ot
451 624 520 688 luna
528 642 642 706 pernox
654 632 717 684 erat
727 633 757 684 et
777 622 898 685 sublatis
912 624 1103 684 armamentis
1114 626 1224 686 venie·

214 711 340 771 iebant:
374 708 520 788 extemplo
541 712 658 784 manum
679 707 779 768 datum
794 725 830 768 ex
852 706 979 785 speculis
1000 708 1082 767 etin
1103 708 1223 787 oppido

254 794 290 854 ad
305 811 386 855 mma
408 790 621 853 conclamatum
644 800 689 852 est
709 798 739 851 et
757 792 892 851 lunares
907 807 1117 860 conscensum
1149 810 1223 871 pars

254 876 379 938 militum
396 878 427 937 in
441 876 534 937 muris
547 882 759 954 portarumque
775 874 807 934 in
823 873 1011 944 stationibus,
1028 891 1099 953 pars
1113 875 1151 934 in
1169 894 1221 936 na·

214 966 244 1020 ii
258 959 340 1021 vibus
354 967 448 1021 erant.
478 966 507 1019 et
521 959 792 1037 Carthaginienses,
811 959 879 1038 quia
893 975 957 1017 rem
972 957 1037 1018 lore
1050 957 1134 1019 haud
1150 977 1219 1020 cum

253 1044 395 1123 inparatis
406 1040 574 1112 cernebant,
590 1059 684 1122 usquc
697 1040 734 1103 ad
745 1040 839 1101 lucem
852 1048 940 1120 portu
950 1058 983 1101 se
996 1039 1218 1113 abstinuerunt,

255 1126 407 1189 demendis
429 1126 617 1187 armamentis
637 1143 672 1186 eo
685 1133 819 1204 tompore
834 1123 1018 1204 aptandaque
1030 1124 1066 1185 ad
1082 1143 1219 1204 pugnam

216 1209 347 1272 ttclasso
362 1209 526 1290 absumpto.
551 1208 602 1271 ubi
616 1207 735 1279 inluxit,
758 1226 899 1288 recepere
915 1207 1039 1268 classem
1058 1209 1091 1267 in
1111 1208 1217 1277 altum,

254 1301 287 1354 ut
301 1296 427 1374 spatium
441 1311 557 1373 pugnae
573 1298 664 1363 esset,
689 1293 857 1372 exitumque
878 1289 1004 1352 liberum
1023 1308 1040 1350 e
1055 1300 1149 1370 portu
1165 1310 1218 1352 na·

215 1384 302 1439 iares
317 1379 445 1440 hostium
459 1377 612 1440 haberent.
651 1395 707 1438 nec
720 1375 845 1437 Romani
867 1374 1068 1436 detrectavere
1082 1393 1218 1454 pugnam

256 1469 285 1522 et
305 1463 446 1522 memoria
469 1463 546 1523 circa
569 1479 603 1522 ea
622 1463 685 1541 ipsa
707 1459 772 1521 loca
792 1466 943 1536 gestarum
971 1477 1073 1519 rerum
1094 1459 1168 1520 freti
1189 1467 1219 1521 et

228 1543 378 1605 imilitum
392 1542 576 1605 multitudine
597 1563 632 1604 ac
651 1545 766 1605 virtute.
811 1543 844 1603 L.
874 1543 931 1604 Ubi
951 1544 983 1603 in
1004 1541 1096 1604 altum
1120 1544 1217 1605 erecti

255 1634 337 1695 sunt,
361 1627 511 1688 Romanus
534 1644 691 1688 conserere
711 1645 841 1707 pugnam
858 1634 888 1687 et
903 1644 939 1687 ex
952 1627 1121 1707 propinquo
1136 1628 1217 1688 vires

227 1708 392 1770 aconlerre
404 1708 494 1778 relle3
511 1716 613 1771 contra
629 1710 748 1772 cludere
763 1711 880 1773 Poenus
895 1718 925 1770 et
938 1718 1017 1782 arte,
1032 1728 1093 1771 non
1109 1713 1138 1771 ri
1151 1729 1216 1772 rem

256 1808 375 1870 perere,
393 1793 567 1873 nariumque
582 1811 669 1873 quam
680 1796 810 1856 virorum
822 1802 872 1856 aut
883 1811 1034 1855 armorum
1044 1793 1133 1856 malle
1150 1813 1214 1856 cer·

229 1882 354 1939 stamen
369 1875 476 1937 lacere.
508 1895 576 1938 nam
591 1885 624 1938 ut
640 1879 727 1939 sociis
742 1877 891 1939 navalibus
903 1877 1022 1940 adfatim
1037 1878 1214 1941 instructam

257 1957 395 2030 classem,
416 1960 457 2022 lta
478 1962 597 2042 inopem
613 1961 705 2023 milito
719 1960 882 2033 habebant,
904 1969 949 2032 et,
967 1961 1062 2023 sicubi
1076 1971 1214 2024 conserta

256 2044 336 2112 naris
351 2051 441 2115 esset,
457 2045 681 2126 haudquaquam
698 2064 751 2126 par
766 2063 907 2107 numerus
927 2055 1110 2108 armatorum
1129 2065 1167 2108 ex
1182 2064 1214 2107 ea

228 2127 412 2208 opugnabat.
430 2129 508 2208 quod
515 2129 805 2192 ubianimadversum
811 2137 864 2201 est,
873 2138 903 2191 et
909 2130 1050 2191 Romanis
1057 2130 1215 2191 multitudo

255 2230 307 2273 sua
321 2215 401 2275 auxit
409 2213 539 2274 animum
552 2220 581 2274 et
591 2215 723 2293 paucitas
733 2213 790 2274 illis
801 2214 915 2274 minuit.
940 2212 1087 2294 extemplo
1099 2221 1213 2293 septem

257 2313 344 2357 naves
374 2296 502 2358 Punicae
535 2299 765 2367 circumventae:
793 2298 891 2376 lugam
917 2304 1034 2358 ceterae
1060 2307 1213 2377 ceperunt

257 2379 337 2440 mille
352 2389 381 2441 et
396 2382 573 2460 septingenti
586 2380 670 2442 lucre
682 2382 713 2441 in
728 2379 850 2442 naribus
865 2382 957 2461 captis
972 2380 1079 2442 milites
1093 2389 1213 2443 nautae·

228 2468 328 2541 cqme,
345 2463 376 2522 in
387 2462 433 2522 his
442 2471 503 2524 tres
519 2462 631 2525 nobiles
644 2465 935 2542 Carthaginiensium.
964 2463 1065 2524 classis
1079 2463 1213 2526 Romana

256 2543 410 2605 incolumis
426 2564 485 2607 una
499 2553 614 2607 tantum
634 2547 784 2626 perforata
796 2548 876 2615 nari,
898 2546 951 2607 sed
968 2565 1003 2607 ea
1017 2566 1134 2626 quoquo
1149 2549 1213 2627 ipsa

257 2623 380 2696 reduce,
396 2628 427 2686 in
442 2636 560 2706 portum
581 2630 677 2689 rediit

229 2717 243 2765 7
320 2708 487 2769 Secundum
513 2710 589 2772 hanc
613 2730 756 2790 pugnam,
790 2716 920 2778 nondum
947 2719 1048 2793 gnaris
1071 2718 1132 2778 eius
1158 2722 1209 2798 qni

257 2793 407 2854 Messanae
430 2801 527 2865 erant,
550 2794 595 2856 Ti.
612 2795 804 2877 Sempronius
825 2798 927 2861 consul
941 2799 1105 2863 blessanam
1121 2804 1210 2863 venit.

229 2879 284 2938 eei
300 2877 411 2939 fretum
431 2878 553 2940 intranti
569 2897 622 2943 rex
641 2881 732 2943 Hiero
752 2881 875 2944 classem
894 2892 1044 2946 annaeum
1064 2893 1209 2947 ornatam·

257 2979 313 3043 que
328 2962 442 3024 obviam
458 2961 551 3034 duxit,
569 2971 826 3046 transgressusque
842 2986 878 3028 er
891 2970 973 3047 regia
988 2969 1019 3029 in
1033 2970 1208 3049 praetoriam

254 3064 373 3117 navem,
395 3047 555 3125 gratulatus
578 3049 717 3127 sospitem
737 3067 803 3110 cum
819 3052 950 3112 exercitu
964 3059 994 3112 et
1015 3052 1137 3113 narnus
1160 3053 1210 3114 ad·

250 3132 370 3190 {venisse
396 3137 589 3210 precatusque
617 3149 793 3212 prosperum
818 3151 852 3194 ac
880 3134 995 3196 felicem
1025 3136 1057 3195 in
1083 3135 1209 3197 Siciliam

228 3220 244 3269 o
257 3214 426 3284 transitum,
443 3221 550 3275 statum
565 3215 673 3277 deinde
691 3216 804 3278 insulae
818 3225 847 3278 et
862 3218 1147 3295 cmbaginiansium
1162 3236 1209 3280 co·

256 3304 323 3357 nata
347 3299 494 3376 exposuit,
525 3298 728 3379 pollicitusque
751 3309 809 3372 est,
832 3299 893 3382 [ut]
914 3320 971 3380 quo
995 3303 1093 3362 animo
1112 3303 1209 3381 priore

257 3376 334 3438 bello
349 3381 490 3459 populum
501 3384 666 3445 Romanum
680 3384 793 3444 iuvenis
807 3384 977 3455 adiuvisset,
993 3404 1028 3446 eo
1043 3401 1145 3445 senem
1160 3385 1208 3446 ad·

166 3471 167 3474 ’
217 3460 400 3531 toiuturum,
421 3464 602 3528 trumentum
620 3468 851 3528 vestimentaouo
871 3484 936 3526 sose
955 3467 1120 3544 legionibus
1140 3486 1208 3529 con·
