2575 4067
318 228 496 282 rnmccsan'
509 237 669 282 nraaoann
683 238 882 282 xr.xn.x111.
1019 226 1080 289 201

117 389 164 438 viri
175 386 298 453 capitales
311 393 371 436 tune
382 385 493 451 primum
504 386 581 435 creati
590 392 659 435 sunt.
680 400 758 437 censu
766 397 821 437 acto
831 386 938 438 lustrum
950 389 1080 440 eonditum

117 465 169 505 esta
186 469 264 504 conso
281 460 341 503 suut
352 454 446 503 civium
464 453 547 518 capita
558 453 679 508 mxli.
698 454 771 517 plebs
788 464 892 520 propter
907 470 951 506 aes
967 456 1079 508 alienum

116 531 176 588 post
187 535 278 587 graves
292 528 316 570 et
328 520 418 585 longas
431 521 570 571 seditiones
586 520 620 570 ad
631 520 748 571 ultimum
759 522 867 571 secessit
883 522 910 572 in
927 523 1076 590 Ianiculum,

117 589 185 640 unde
196 603 211 638 a
221 588 252 649 Q.
263 588 398 639 Hortensio
411 587 534 639 dictatore
546 587 655 638 deducta
667 594 722 651 esl;
734 588 808 651 isque
819 588 847 638 in
858 589 917 655 ipso
929 591 1077 655 magistratu

116 657 235 711 dooesslt.
265 670 307 705 res
319 665 450 720 praeterea
466 662 556 705 contra
571 655 749 706 Vulsinienses
766 664 853 719 gestes
869 655 994 721 continet,
1016 659 1076 707 item

116 725 241 775 adversus
254 721 385 785 Lucanos,
398 729 486 772 contro
499 736 563 785 qnos
575 722 701 773 auxilium
712 720 832 774 Thurinis
844 721 910 774 ferro
921 723 1058 789 placuerat.

400 1004 711 1068 Pnalocflanlnnl
729 1006 791 1068 xil.

186 1157 248 1209 Cum
270 1157 347 1222 legati
363 1158 534 1208 Romanorum
552 1155 658 1208 aGallis
676 1157 822 1209 Senonibus
838 1157 965 1208 interlecti
981 1169 1076 1225 essent,

116 1224 183 1276 bello
196 1226 228 1276 ob
240 1225 267 1275 ld
279 1223 357 1276 Galba
369 1225 478 1286 indicto,
495 1223 525 1278 L.
538 1222 664 1274 Caecilius
682 1232 784 1291 praetor
800 1225 832 1275 ab
846 1226 882 1275 els
898 1241 957 1275 cum
969 1226 1076 1293 legioni·

115 1293 163 1345 bns
181 1306 271 1343 caesus
288 1301 336 1345 est.
366 1307 423 1342 oum
440 1306 456 1341 a
472 1291 616 1342 Tarentinis
638 1292 729 1343 classis
745 1292 860 1342 Romana
881 1294 979 1359 direpte
1000 1304 1075 1357 esset,

117 1360 260 1420 duumviro,
271 1360 315 1425 qul
327 1368 443 1424 praeerat
454 1358 539 1419 classi,
553 1359 648 1423 occiso,
659 1359 746 1425 legati,
758 1360 792 1410 ad
804 1374 848 1411 eos
860 1373 875 1408 a
887 1370 991 1426 senatu,
1005 1370 1033 1411 nt
1044 1364 1076 1412 da

113 1426 154 1478 iris
169 1428 270 1478 iniuriis
287 1433 464 1491 quererentur,
483 1426 566 1489 missi,
583 1426 678 1492 pulsati
694 1434 763 1480 sunt.
787 1428 820 1478 ob
837 1428 864 1478 id
876 1427 971 1478 bellurn
984 1430 1021 1479 sls
1038 1431 1077 1480 ln·

114 1495 209 1546 dictum
224 1501 271 1547 est.
295 1494 422 1545 Samnites
434 1492 590 1545 deiecerunt.
615 1494 739 1545 adversus
752 1508 797 1545 cos
807 1503 832 1545 ot
843 1494 960 1546 Lucanos
972 1503 997 1546 et
1009 1495 1074 1546 Brit·

113 1565 164 1613 tios
178 1569 202 1611 ct
214 1561 335 1612 Etruscos
351 1561 449 1625 aliquot
459 1560 563 1626 proeliis
575 1576 590 1611 a
602 1561 765 1627 conpluribus
778 1562 886 1613 ducibus
898 1563 963 1613 bene
975 1578 1074 1629 pugna·

113 1641 167 1680 tum
180 1637 228 1678 est.
256 1628 369 1694 Pyrrhus
384 1628 546 1694 Epirotarum
563 1642 622 1691 rex,
645 1639 674 1678 ut
691 1629 814 1681 tullium
831 1631 972 1680 Tarentinis
990 1630 1073 1695 ferret,

114 1699 141 1746 ln
157 1696 256 1746 ltaliam
273 1697 349 1747 venit.
378 1710 435 1747 cum
454 1696 480 1744 in
507 1695 665 1762 praesidium
682 1697 838 1762 Reginorum
857 1698 925 1763 legio
944 1697 1075 1764 Campana

113 1778 171 1814 eum
183 1762 311 1828 praelecto
323 1763 399 1814 Decio
411 1762 520 1814 Vibellio
538 1763 617 1813 missa
629 1774 712 1827 esset,
736 1766 826 1815 occisis
843 1765 948 1830 Reginis
966 1766 1075 1831 Regium

114 1831 255 1896 occupavit.

398 2027 584 2091 Punicana
603 2028 704 2090 LlBRl
723 2028 797 2090 Xlll.

180 2183 298 2234 Valerius
315 2180 442 2231 Laeuinus
459 2179 549 2230 consnl
566 2193 658 2245 parum
675 2193 796 2244 prospere
812 2179 935 2229 adversus
952 2179 1075 2244 Pyrrhum

112 2251 253 2318 pugnavit,
271 2248 463 2316 elephantorum
479 2247 591 2297 maxime
608 2247 740 2295 inustitata
757 2247 821 2296 lucie
837 2247 930 2296 territis
942 2247 1074 2300 militibus.

113 2327 172 2384 post
183 2317 211 2367 id
223 2316 347 2383 proelium
359 2329 418 2364 cnm
430 2327 538 2379 corpore
549 2314 734 2373 Romanorum,
753 2314 836 2377 quiin
853 2315 907 2363 acle
918 2313 1073 2378 ceciderant,

112 2384 226 2450 Pyrrhus
237 2384 386 2450 inspiceret,
400 2381 485 2432 omnia
501 2394 575 2431 versa
592 2381 618 2430 iu
629 2379 730 2430 hostem
747 2381 851 2432 invenit.
876 2379 1073 2446 populabundus

113 2452 240 2516 usquead
256 2452 347 2503 urbem
359 2451 500 2501 Romanam
513 2449 646 2513 processit.
672 2446 700 2498 (l.
713 2448 843 2498 Fabricius
859 2449 954 2498 missus
971 2448 1004 2497 ad
1017 2463 1074 2499 euru

112 2526 243 2584 asenatn,
257 2528 285 2569 ut
297 2520 329 2569 de
340 2515 494 2567 redimendis
506 2515 614 2581 captivis
626 2522 725 2580 egeret,
737 2515 846 2576 frustra,
864 2522 892 2566 ut
908 2515 1014 2581 patriam
1028 2516 1074 2565 de·

114 2594 222 2647 sereret,
245 2600 260 2635 a
276 2601 335 2652 rege
353 2590 491 2650 temptatus
510 2590 557 2637 est.
594 2584 687 2649 captivi
712 2583 768 2633 sine
789 2583 870 2650 pretio
887 2583 988 2634 remissi
1004 2594 1074 2636 sunt.

114 2654 205 2705 Cineas
218 2654 317 2718 legatus
330 2668 345 2703 a
357 2650 453 2718 Pyrrho
466 2649 498 2699 ad
511 2658 627 2701 senatum
644 2652 740 2702 missus
752 2652 837 2717 petiit,
851 2659 878 2701 ut
890 2652 1074 2716 conponendas

113 2722 184 2787 pacis
197 2734 274 2771 causa
286 2736 333 2769 rex
344 2720 370 2769 lu
387 2719 476 2769 urbem
492 2719 655 2784 reciperetur.
685 2719 717 2768 de
735 2732 784 2780 qna
801 2734 828 2768 re
840 2733 898 2768 cum
910 2719 942 2769 ad
953 2718 1074 2783 frequen·

113 2790 204 2838 tiorem
220 2795 336 2836 senatum
352 2785 440 2836 reierri
463 2783 613 2850 placuisset,
630 2785 730 2850 Appius
749 2784 883 2849 Claudius,
905 2785 948 2848 qui
971 2796 1075 2851 propter

114 2852 285 2902 valetudinem
297 2851 426 2903 oculorum
437 2853 487 2901 iam
500 2852 543 2902 diu
555 2851 670 2902 consiliis
682 2851 792 2916 publicis
805 2867 834 2902 se
846 2853 1016 2910 abstinuerat,
1029 2866 1075 2899 ve·

115 2919 153 2967 nit
164 2917 191 2965 in
202 2918 297 2965 cnriom
310 2926 335 2967 et
351 2919 477 2968 sententio
493 2933 541 2968 sna
554 2918 647 2978 tenuit,
665 2925 693 2965 ut
709 2916 735 2965 id
747 2917 843 2981 Pyrrho
861 2926 1003 2981 negaretur.
1029 2916 1074 2967 On.

114 2983 240 3034 Domitius
258 2994 348 3031 censor
374 2986 471 3048 primus
488 2999 521 3035 ex
542 2985 616 3050 plebs
638 2984 746 3034 lustrum
763 2983 890 3033 condidit:
917 2996 995 3032 censa
1015 2989 1076 3032 suut

115 3051 209 3101 civium
222 3050 306 3114 capita
318 3051 409 3104 ccixrr
388 3050 472 3102 ”ir-vn
486 3063 588 3107 ooxxtr.
611 3052 703 3101 iterum
719 3050 843 3100 adversus
854 3047 979 3114 Pyrrhum
997 3048 1075 3098 dubio

114 3127 207 3170 eventu
219 3124 361 3184 pugnatum
374 3123 422 3169 est.
450 3130 508 3165 eum
522 3117 772 3182 Carthaginiensibus
789 3123 878 3181 quarto
896 3115 987 3166 ioedus
999 3129 1075 3165 reno·

113 3194 200 3238 votnm
213 3194 260 3238 est.
286 3199 345 3234 curn
358 3182 384 3237 G.
397 3181 512 3233 Fabricio
525 3185 624 3233 consuli
635 3185 673 3247 is,
686 3186 731 3247 qui
742 3185 775 3235 ad
787 3199 846 3234 eum
858 3197 874 3232 a
885 3181 980 3246 Pyrrho
992 3191 1075 3233 trans·

113 3254 227 3320 ingerat,
246 3252 409 3319 polliceretur
420 3264 548 3300 venenum
559 3263 588 3298 sa
599 3252 654 3315 rogi
665 3251 796 3313 daturum,
814 3265 872 3299 cunr
883 3250 977 3301 indicio
989 3250 1023 3300 ad
1034 3265 1074 3299 re·

113 3337 172 3388 gem
197 3322 321 3372 remissus
346 3328 393 3371 est.
436 3331 478 3369 res
500 3323 631 3383 praeterea
656 3324 742 3366 eontra
765 3316 881 3367 Lucanos
906 3326 930 3366 et
953 3316 1074 3380 Bruttios,

115 3389 241 3440 Samnites
261 3398 285 3438 et
297 3389 418 3438 Etruscos
431 3399 554 3451 prospere
565 3393 652 3448 gestas
665 3384 785 3434 continet.
