2575 4067
217 245 238 306 6
417 257 511 299 ninus
524 257 580 300 vn.
599 256 668 299 cor.
686 244 711 297 t.
726 245 753 298 6.
771 235 810 318 [o.
826 260 857 298 u.
873 259 899 298 c.
915 235 977 319 392]

218 404 312 466 solum
327 406 480 473 inermem,
496 402 577 464 illum
592 402 793 483 praevalidum
805 407 940 466 iuvenem
955 413 993 475 et,
1005 405 1085 483 quod
1099 404 1180 467 haud

217 490 315 549 minus
329 488 491 549 timendum
506 493 582 557 erat,
602 486 708 548 stolide
723 486 853 548 ferocem
868 487 980 549 viribus
994 490 1055 549 suis
1072 506 1179 550 cerne·

218 580 278 642 ret,
301 571 415 632 adiurat
433 572 465 632 in
479 588 555 650 quae
570 570 690 632 adactus
711 578 755 630 est
769 570 873 642 rerba,
891 579 921 632 et
935 589 1007 651 prae
1022 590 1055 632 se
1070 571 1180 633 deinde

186 664 200 709 a
218 655 291 726 tulit,
308 673 342 716 ca
355 657 384 715 vi
400 654 553 715 subactum
569 673 601 716 se
617 656 736 734 incepto
752 654 906 716 destitisse.
934 673 990 716 nec
1004 655 1128 735 perinde
1145 663 1181 716 ut

216 738 366 801 maluisset
385 738 487 818 plebes
509 736 566 799 sibi
585 738 717 816 suiiragii
736 736 851 798 ferendi
871 738 908 799 de
931 746 991 799 tam
1012 737 1128 799 crudeli
1149 746 1180 798 et

217 822 345 902 superbo
358 841 410 883 reo
424 828 598 903 potestatem
613 822 692 892 lieri,
708 822 748 882 ita
763 839 852 901 aegre
863 820 965 882 hebuit
976 821 1067 882 lilium
1078 822 1109 882 id
1120 840 1179 901 pro

217 914 339 985 parente
353 923 480 974 ausum:
502 922 597 984 eoque
617 904 648 965 id
664 903 838 966 laudabilius
853 913 932 977 erat,
953 905 1031 984 quod
1045 906 1177 965 anianum

185 997 200 1047 8
216 992 278 1051 eius
291 997 373 1051 tanta
389 988 535 1050 acerbitas
554 990 650 1067 patria
666 986 739 1048 nihil
755 1006 772 1048 a
791 990 900 1069 pietate
920 989 1080 1050 avertisset.
1120 990 1177 1049 ita·

216 1092 274 1153 que
289 1090 349 1134 non
364 1073 442 1151 patri
456 1070 543 1133 modo
558 1072 680 1133 remmsa
701 1089 805 1133 causae
819 1072 908 1133 dictio
923 1079 975 1142 est,
992 1071 1043 1133 sed
1060 1072 1117 1150 ipsi
1132 1078 1171 1132 et·

185 1159 273 1218 uiam
288 1156 469 1218 adulescenti
491 1174 525 1216 ea
541 1172 591 1216 res
607 1155 714 1215 honori
727 1155 795 1227 luit,
822 1164 852 1217 et
872 1174 939 1218 cum
963 1175 999 1217 eo
1022 1173 1099 1217 auno
1113 1155 1177 1234 pri·

215 1259 295 1302 mum
306 1240 462 1321 placuisset
475 1238 610 1301 tribunos
620 1238 746 1300 militum
761 1240 797 1301 ad
813 1240 945 1319 legiones
959 1240 1098 1318 suliragio
1109 1238 1178 1299 lieri

214 1359 256 1368 -
271 1342 339 1384 nam
355 1331 385 1385 et
399 1330 499 1392 antea,
521 1326 598 1384 sieut
609 1340 704 1393 nune,
720 1341 795 1402 quos
808 1323 931 1385 liululos
946 1330 1066 1391 vocant,
1081 1324 1176 1401 impe·

214 1415 328 1469 ratores
339 1407 396 1487 ipsi
410 1405 557 1467 iaciebant
567 1438 617 1477 -,
629 1406 792 1468 secundum
807 1408 838 1467 in
849 1425 901 1468 sex
914 1406 987 1467 locis
1001 1407 1096 1467 tenuit
1109 1404 1177 1466 nul·

213 1490 250 1552 lis
267 1491 346 1551 domi
361 1489 540 1569 militiaeque
555 1489 592 1550 ed
614 1489 828 1552 conciliandam
848 1492 972 1569 gratiam
994 1490 1121 1558 meritis,
1143 1497 1179 1550 ut
1283 1557 1284 1568 q

214 1576 264 1654 qui
278 1591 348 1635 rure
364 1579 394 1634 et
410 1572 514 1652 procul
528 1581 614 1635 coetu
630 1573 784 1635 hominum
798 1574 945 1635 iuventam
962 1575 1078 1653 egisset.
1283 1577 1285 1608 ⁴

184 1669 197 1719 1
240 1701 243 1708 .
276 1657 322 1720 vi.
339 1656 451 1718 Eodem
467 1675 545 1718 anno
557 1673 610 1718 seu
619 1666 703 1719 motu
716 1665 814 1718 terrac
827 1675 880 1718 seu
894 1659 991 1736 quavi
1005 1655 1060 1717 alia
1076 1655 1176 1718 iorum
1284 1633 1286 1685 3

214 1741 343 1801 medium
360 1739 453 1801 ferme
469 1754 560 1821 specu
574 1749 655 1801 vasto
676 1739 847 1821 conlapsum
867 1743 898 1801 in
920 1742 1094 1801 immensam
1109 1738 1177 1800 alti·

183 1824 346 1886 2tudineni
368 1823 490 1895 dicitur,
512 1841 608 1905 neque
631 1842 697 1886 eam
717 1826 886 1903 voraginem
907 1825 1043 1885 coniectu
1064 1831 1175 1893 terrae,

214 1925 353 1988 cumpro
370 1926 402 1969 se
420 1909 543 1988 quisque
559 1915 691 1987 gereret,
714 1908 826 1987 expleri
845 1909 976 1988 potuisse
990 1909 1072 1987 prius
1086 1924 1176 1987 quam

214 1990 302 2053 deum
317 1993 430 2053 monitu
448 1993 551 2070 quaeri
566 1999 712 2071 coeptum,
729 2010 787 2070 quo
802 1991 961 2071 plurimum
976 1989 1101 2071 populus
1115 1990 1171 2051 lio<
1265 2011 1268 2018 ⁴

183 2089 199 2138 3
214 2092 318 2137 manus
332 2082 445 2154 posset:
467 2073 498 2135 id
520 2076 598 2135 enim
613 2073 657 2135 lili
671 2072 736 2136 loco
751 2075 907 2136 dicandum
921 2082 1002 2136 vates
1021 2074 1175 2145 canebant,

214 2159 239 2220 si
256 2175 320 2219 rem
336 2156 485 2237 publicam
499 2158 662 2220 Romanam
679 2167 853 2239 perpetuam
875 2177 939 2220 esse
953 2156 1070 2219 vellent.
1112 2165 1174 2221 tum

213 2242 252 2305 ii.
265 2242 405 2313 Curtium,
422 2244 558 2303 iuvenem
568 2241 647 2304 bello
662 2243 822 2322 egregium,
840 2245 997 2320 castigasse
1010 2241 1110 2303 ierunt
1120 2240 1175 2301 du·

213 2326 354 2400 bitantes,
378 2345 415 2388 an
436 2325 529 2388 ullum
549 2327 642 2405 magis
664 2327 829 2387 Romanum
849 2326 959 2387 bonum
983 2343 1070 2405 quam
1092 2341 1176 2385 orma

182 2413 363 2491 tvirtusque
378 2411 472 2472 essetl
488 2410 605 2470 silentio
617 2409 694 2470 iacto
705 2409 817 2489 templa
830 2411 954 2471 deorum
963 2406 1175 2479 inmortalium,

213 2512 288 2573 quae
312 2494 377 2554 loro
398 2493 559 2563 inmineat,
582 2491 815 2572 Capitoliumque
834 2495 999 2555 intuentem
1020 2499 1050 2553 et
1069 2509 1176 2553 manus

213 2580 334 2637 nuncin
346 2575 459 2637 caelum
471 2593 551 2636 nune
565 2577 597 2636 in
611 2583 745 2655 patentes
758 2584 856 2654 torrae
870 2577 966 2638 hiatus
977 2576 1015 2637 ad
1031 2576 1102 2637 deos
1111 2591 1176 2635 ma·

183 2675 267 2725 unes
280 2659 482 2740 porrigentem
503 2677 536 2720 se
552 2658 715 2731 devovisse;
738 2679 873 2741 equoque
895 2660 1002 2722 deinde
1017 2676 1105 2738 mam
1120 2675 1175 2738 po·

212 2749 289 2804 terat
302 2744 430 2805 maxime
448 2751 590 2805 exornato
604 2744 781 2806 insidentem
797 2752 942 2807 armatum
957 2761 990 2804 so
1002 2744 1034 2803 in
1051 2759 1175 2820 specum

211 2827 371 2898 inmisisse,
393 2827 528 2907 donaque
548 2845 583 2889 ac
596 2826 698 2907 fruges
712 2847 801 2908 super
816 2846 883 2889 eum
898 2846 916 2888 a
930 2825 1117 2888 multitudine
1132 2825 1175 2885 vi·

211 2929 313 2973 rorum
328 2929 362 2972 ac
381 2910 538 2973 mulierum
558 2919 713 2990 congestas
731 2912 885 2992 lacumque
903 2911 1035 2973 Curtium
1053 2926 1113 2969 non
1136 2906 1174 2969 ab

212 2996 331 3076 antiquo
344 2994 396 3057 illo
411 2995 470 3056 'liti
482 2995 549 3055 i'ati
563 2994 655 3056 milite
671 2995 770 3057 Curtio
784 2996 899 3066 liettic,
922 2993 974 3055 sed
996 2992 1033 3054 ab
1048 2992 1107 3054 hoc
1122 3010 1174 3070 ap·

180 3081 197 3133 6
211 3078 361 3159 pullatum.
384 3097 455 3140 cura
471 3095 532 3139 non
548 3078 671 3149 deesset,
683 3081 709 3139 si
724 3097 780 3158 qua
794 3079 831 3139 ad
842 3097 945 3140 rerum
960 3079 1005 3138 ria
1020 3077 1174 3157 inquiren·

211 3170 271 3224 tem
293 3164 402 3231 ierret;
429 3178 508 3222 nunc
530 3161 607 3222 lama
629 3179 730 3223 rerum
750 3161 887 3225 standum
910 3171 970 3233 est,
991 3160 1043 3222 ubi
1061 3168 1173 3221 certam

212 3246 334 3327 derogat
353 3252 480 3307 vetustas
492 3245 594 3315 iidem,
618 3252 648 3306 et
663 3244 743 3307 lacus
760 3264 868 3307 nomen
883 3244 920 3306 ab
935 3244 992 3305 hac
1006 3243 1174 3304 recentiore

211 3330 377 3408 insignitius
394 3329 492 3391 labula
509 3335 561 3390 est.

179 3420 194 3469 t
269 3411 340 3472 Post
352 3415 426 3473 tanti
440 3412 568 3492 prodigii
581 3416 822 3493 procurationem
837 3412 941 3475 eodem
957 3428 1036 3473 anno
1050 3408 1086 3471 de
1097 3410 1172 3470 lier-

211 3496 285 3555 niols
299 3493 449 3556 consultus
463 3503 590 3568 senatus,
603 3516 671 3558 cum
683 3496 797 3559 fetiales
811 3497 849 3559 ad
864 3513 913 3558 res
928 3493 1105 3575 repetendas
1119 3510 1171 3554 ne·
