2575 4067
251 252 312 315 286
423 267 516 309 tinne
529 268 607 309 xxu.
622 267 692 309 cae.
708 253 752 310 at,
767 252 811 308 ²8.
829 247 867 331 [a.
880 268 910 307 n.
925 268 952 308 o.
963 249 1027 326 537]

223 423 313 474 atum
330 415 429 493 utique
450 413 596 475 inmodIce
612 414 835 493 inmodesteque
856 430 917 473 non
932 411 1104 473 Hannibale
1131 414 1246 491 magis

222 497 326 556 arieto
340 496 377 557 al)
389 514 421 558 se
436 515 523 577 quam
539 495 573 566 Q.
591 497 682 559 Fabio
700 497 834 576 glortarl:
850 495 931 557 Illum
947 497 978 556 in
992 494 1088 557 rebus
1104 499 1242 575 asperis
1271 491 1272 496 ’

250 580 370 641 unicum
389 581 495 642 ducem
516 598 550 642 ac
571 598 673 659 parem
690 582 856 660 quaesitum
874 578 1045 649 Hannibali,
1069 581 1239 641 maiorem

251 665 372 735 miuori‚
387 664 560 725 dictatorem
571 666 712 742 magistro
724 666 871 744 equitum,
887 662 966 743 quod
977 661 1058 723 nuda
1068 665 1238 724 memoria

252 747 359 808 habeat
374 746 537 814 annalium,
559 749 640 808 iussu
665 747 765 827 populi
786 756 941 827 aequatum
961 747 992 806 iu
1012 746 1125 807 eadem
1157 748 1235 807 ciri-

251 840 324 901 tate,
346 832 377 891 ln
392 850 450 911 qua
466 832 598 909 magistri
614 832 745 911 equitum
766 833 863 910 virgas
876 848 910 891 ac
925 847 1044 890 secures
1059 830 1235 891 dictatoris

226 924 483 994 ttremereatque
498 914 624 975 horrere
639 913 718 975 soliti
734 916 805 976 sint:
818 923 930 975 tantum
941 931 1024 974 suam
1038 912 1230 975 felicitatem

252 999 446 1077 virtutemque
457 998 605 1059 enituisse.
638 1014 710 1076 ergo
725 1007 894 1058 secuturum
905 1015 938 1057 se
952 997 1106 1057 fortunam
1122 1015 1228 1065 snam.

251 1084 274 1141 si
290 1081 415 1142 ‹littator
429 1083 460 1141 in
474 1083 661 1142 cunctatione
676 1099 710 1141 ac
724 1083 847 1160 segnitie
860 1080 982 1141 deorum
998 1080 1229 1161 hominumque

223 1164 359 1225 diudicio
370 1165 506 1225 damnata
517 1172 672 1243 perstaret.
695 1166 793 1245 itaque
803 1183 862 1244 quo
872 1165 920 1225 die
930 1166 1058 1244 primum
1070 1182 1226 1242 congret-

251 1266 301 1309 sus
323 1257 368 1309 est
388 1267 456 1309 curn
479 1248 513 1319 Q.
528 1247 633 1316 Fabio,
657 1248 844 1309 statuendum
866 1249 996 1308 omnium
1017 1248 1163 1325 primum⁴
1186 1249 1227 1308 ait

224 1338 332 1402 desse,
353 1350 441 1412 quem
457 1332 492 1392 ad
509 1332 628 1393 modum
643 1333 770 1410 ImperIo
784 1342 907 1411 aequato
922 1340 1055 1392 utantur:
1076 1348 1113 1391 se
1128 1341 1223 1410 optu-

252 1433 332 1476 mum
347 1415 470 1484 ducere,
487 1424 536 1477 aut
549 1415 653 1477 diebus
670 1413 790 1476 alteruis
807 1425 870 1485 aut,
892 1416 916 1476 si
934 1415 1045 1475 maiora
1057 1413 1222 1475 intervalla

252 1497 418 1578 placerent,
446 1500 560 1578 partitIs
581 1498 765 1577 temporibus
784 1499 903 1560 alterius
924 1515 1069 1558 summum
1093 1500 1141 1558 lus
1164 1500 1221 1557 im·

225 1589 240 1638 7
254 1583 426 1662 perlumque
437 1599 517 1651 esee,
534 1590 567 1642 ut
583 1600 637 1661 par
651 1583 728 1643 hosti
745 1599 805 1642 uon
817 1581 939 1643 conellio
954 1581 1062 1649 solum,
1078 1581 1133 1641 sed
1146 1582 1219 1641 vlri-

252 1663 308 1725 bus
322 1666 409 1725 etlam
428 1672 521 1732 esset,
541 1667 566 1725 si
581 1682 669 1744 quam
686 1668 871 1726 occasionem
891 1667 936 1726 rei
955 1663 1105 1743 gerendae
1120 1663 1217 1723 habu·

226 1748 332 1807 sisset.
364 1746 398 1817 Q.
410 1746 501 1807 Fabio
512 1746 737 1828 haudquaquam
748 1749 778 1808 id
795 1747 928 1827 placere:
945 1749 1044 1809 omnia
1056 1750 1136 1808 enim
1151 1747 1215 1807 ior·

252 1837 354 1890 tunam
365 1828 510 1898 habitura,
523 1849 739 1911 quamcumque
749 1833 899 1893 temeritas
906 1830 1212 1909 conlegaehalruisset

252 1911 308 1974 sibi
333 1915 580 1976 communicatum
599 1933 667 1976 cum
689 1914 761 1986 alio,
784 1933 842 1975 nou
864 1916 1032 1994 ademptum
1052 1915 1212 1993 imperium

227 2002 334 2057 desse:
354 1997 452 2077 itaque
464 2016 496 2059 se
503 2016 663 2079 numquam
669 1998 814 2060 volentem
822 2007 914 2078 parte,
926 2017 984 2078 qua
990 2005 1096 2077 posset,
1109 2015 1210 2057 rerum
1275 2031 1276 2050 t

253 2079 376 2141 consilio
387 2082 583 2159 gerendarum
593 2100 760 2151 cessurum,
774 2100 829 2142 uec
840 2101 872 2143 sc
883 2092 1016 2161 tempora
1028 2080 1145 2142 autdles
1155 2082 1210 2141 im»
1275 2081 1276 2090 ’

254 2166 330 2244 peril
357 2182 424 2226 cum
450 2183 498 2236 eo,
530 2167 692 2227 exercitum
717 2165 894 2235 divisurum,
923 2167 1042 2244 sulsque
1073 2163 1207 2230 cousIIIIs

215 2250 394 2328 toquoulam
405 2251 504 2309 omnia
520 2267 581 2310 non
595 2247 710 2319 liceret,
727 2267 802 2327 quae
816 2260 930 2328 posset,
949 2258 1140 2309 servaturum.
1168 2249 1207 2307 ita

254 2334 442 2476 attilii
458 2330 887 2495 'tii5⁸t⁸l„¹¹tt¹¹tllit
898 2333 1206 2476 mitili’l‘lld

215 2504 242 2555 tt
257 2497 347 2558 Fabio
363 2508 539 2568 evenerunt3
560 2500 631 2559 item
648 2501 760 2579 equites
775 2500 839 2577 parl
858 2517 982 2560 numero
997 2500 1164 2577 socIumque
1178 2504 1205 2558 et

254 2580 349 2640 latim
370 2582 498 2642 nominis
516 2582 622 2643 auxilia
643 2583 811 2642 diviserunt.
853 2583 956 2644 castris
976 2600 1093 2663 quoque
1114 2599 1145 2641 se
1162 2598 1203 2642 se·

254 2664 353 2740 parari
368 2665 508 2740 magister
521 2666 652 2742 equitum
664 2663 762 2725 voluit.

228 2751 240 2801 ι
315 2744 439 2806 XXVIII.
470 2744 582 2825 Duplex
596 2746 981 2827 indeilannibaligaudium
997 2748 1053 2810 luit
1067 2782 1102 2794 -
1115 2765 1204 2827 neque

255 2829 334 2889 enim
348 2829 503 2909 qulcquam
519 2847 636 2900 eorum,
654 2849 728 2910 quae
744 2832 820 2910 apud
836 2833 935 2893 hostes
949 2839 1120 2910 agerentur,
1142 2848 1203 2891 eum

255 2911 376 2975 fallebat
395 2922 425 2975 ct
447 2913 579 2993 perfugis
599 2914 691 2977 multa
716 2914 914 2976 indicantibus
934 2923 964 2975 et
989 2932 1044 2995 per
1069 2932 1136 2976 suos
1158 2933 1203 2975 ex·

228 2997 419 3076 tplorantem
440 3020 492 3059 -:
508 3017 577 3059 narn
592 3007 621 3059 et
635 2998 757 3060 liberam
774 2999 883 3060 Minuci
902 3001 1097 3060 temeritatem
1112 3017 1143 3059 se
1155 3016 1203 3059 suo

255 3079 343 3142 modo
356 3090 540 3161 captaturum
556 3089 585 3142 et
604 3081 751 3142 sollertiae
765 3082 848 3143 Fabii
867 3082 1020 3143 dImidium
1039 3084 1142 3143 urim
1157 3083 1202 3142 de·

230 3165 387 3225 ecessIsse.
422 3165 550 3226 tumulus
565 3172 628 3225 erat
650 3167 729 3227 inter
747 3174 842 3226 castra
856 3166 976 3226 lituucil
991 3174 1021 3226 et
1034 3166 1201 3226 Poenorum.

254 3266 342 3327 quem
363 3249 414 3328 qul
430 3256 616 3327 occupasset,
643 3250 720 3310 haud
742 3248 831 3310 dubie
853 3251 1030 3329 ianuiorem
1051 3259 1114 3310 erat
1132 3248 1202 3309 hosti

227 3329 350 3393 tlocum
377 3331 525 3393 facturus·
560 3350 628 3393 eum
653 3350 713 3393 non
745 3341 805 3393 tam
831 3350 938 3412 capere
963 3333 1027 3393 sine
1052 3334 1202 3393 certamine

256 3412 371 3474 volebat
394 3415 554 3485 Hannibal,
585 3434 762 3496 quamquam
790 3415 820 3476 id
848 3433 957 3496 operae
984 3417 1112 3495 pretium
1136 3423 1200 3485 erat,

256 3513 344 3569 quam
357 3514 474 3558 causam
486 3500 654 3559 certaminis
664 3517 729 3560 cum
741 3500 882 3569 Mlnucio,
899 3518 988 3580 quern
998 3516 1199 3577 procursurum
