2575 4067
278 230 339 297 322
459 243 552 285 smus
567 244 658 286 mu.
675 242 745 285 cur.
758 233 785 284 t.
801 230 826 282 t.
841 221 882 303 [a.
897 244 929 286 u.
945 243 971 285 c.
986 225 1047 304 538]

275 391 383 454 omissa
404 390 552 471 dignitatis
572 388 773 469 libertatisque
792 389 935 450 memoria
962 388 1079 468 plebem
1104 392 1237 456 adulari.
1277 455 1278 458 ,

250 472 420 546 saalum-e,
437 473 566 554 benigne
581 474 718 544 ianime,
735 471 883 552 adparatis
899 474 1033 552 accipere
1048 473 1162 552 epulis,
1189 495 1238 540 eas
1277 513 1278 520 κ

276 574 379 620 causas
393 559 556 637 suscipere,
574 558 601 617 ei
618 573 736 636 semper
750 557 826 635 parti
843 554 958 626 adesse,
981 556 1145 619 secuudum
1172 580 1237 622 eam

277 639 358 703 litem
375 643 486 704 iudices
502 640 586 711 dare,
604 658 679 719 quae
690 640 782 718 magis
798 637 947 719 popularis
960 640 1115 719 aptiorque
1129 644 1161 702 iu
1175 644 1237 705 vol·

248 732 327 805 tgus
351 725 444 787 lavori
465 724 649 786 conciliando
674 730 764 792 esset;
781 724 841 784 lam
856 740 925 784 vero
937 721 1010 784 nihil
1023 724 1054 784 iu
1066 734 1174 787 senatu
1191 729 1237 807 agi

275 807 374 879 aliter,
390 809 517 890 quamsi
532 806 683 888 plebisibi
698 813 775 868 esset
791 805 956 867 concilium.
994 824 1088 886 prona
1113 826 1235 889 semper
1277 819 1278 868 ὲ

275 893 374 954 civitas
388 895 419 954 ln
435 892 579 954 luxuriam
596 892 857 968 noningentorum
872 889 959 950 modo
974 891 1058 959 vitio,
1075 891 1129 952 sed
1146 893 1233 954 alliu·
1277 909 1278 918 ¹

276 977 337 1037 enti
349 977 433 1056 copia
444 975 634 1055 voluptatium
648 981 676 1034 et
690 972 849 1035 inlecebris
859 973 953 1034 omnis
968 975 1154 1036 amoenitatis
1169 994 1232 1037 ma·

244 1060 387 1121 britimae
402 1060 624 1138 terrestrisque,
641 1065 702 1118 tum
719 1074 789 1118 vero
804 1058 845 1118 ita
860 1055 1000 1135 obsequio
1015 1056 1186 1137 principum
1206 1067 1233 1119 et

273 1140 389 1204 licentia
404 1141 502 1222 plebei
516 1142 665 1211 lascivire,
683 1148 715 1201 ut
727 1157 782 1200 uec
793 1138 908 1200 libidini
923 1156 979 1201 nec
988 1139 1154 1219 sumptibus
1168 1160 1231 1203 mo·

244 1224 324 1287 edus
345 1234 431 1288 esset.
467 1225 503 1287 ad
527 1231 726 1306 contemptum
747 1222 844 1302 legum
868 1224 1090 1302 magistratuum
1111 1234 1230 1287 senatus

273 1311 394 1371 accessit
415 1317 491 1380 tum,
514 1316 580 1389 post
601 1309 784 1370 Cannensem
808 1306 934 1375 cladem,
958 1313 1004 1375 ut,
1028 1308 1111 1368 cuius
1134 1307 1228 1389 aliqua

272 1393 448 1454 verecundia
463 1400 538 1463 erat,
553 1392 717 1453 Romanurn
733 1408 850 1470 quoque
865 1397 1041 1470 spernerent
1060 1391 1226 1472 imperium.

246 1475 300 1536 rto
317 1477 404 1537 modo
419 1485 483 1538 erat
497 1478 528 1536 iu
543 1494 641 1546 mora,
664 1493 702 1536 ne
721 1472 867 1552 extemplo
884 1472 1058 1552 delicerent,
1086 1475 1166 1554 quod
1181 1494 1226 1536 co·

272 1559 393 1621 nubium
408 1568 552 1621 vetustum
568 1558 676 1620 multas
688 1556 811 1619 familias
823 1555 916 1618 claras
928 1574 962 1617 ac
978 1558 1106 1635 potentis
1122 1559 1225 1620 lioma·

244 1644 317 1701 unis
330 1645 495 1714 miscuerat,
512 1649 541 1701 et
555 1642 641 1720 quod,
659 1660 725 1703 cum
736 1639 897 1702 militarent
911 1638 1021 1718 aliquot
1032 1639 1109 1725 apud
1121 1641 1224 1704 Roma·

271 1740 333 1794 nos,
346 1726 505 1786 maximum
514 1724 662 1785 vinculum
670 1731 755 1786 erant
761 1725 885 1785 nocenti
897 1724 1018 1802 equites,
1028 1722 1223 1786 nobilissimus

270 1807 392 1886 quisque
416 1809 647 1887 Campanorum,
682 1810 712 1868 in
741 1806 886 1887 praesidia
913 1805 1077 1868 Sicularum
1109 1807 1222 1869 urbium

271 1888 377 1951 delecti
393 1889 429 1952 ab
444 1892 584 1953 llomauis
602 1910 636 1952 ac
651 1892 742 1952 missi.

245 1978 256 2029 1
332 1973 363 2035 V.
393 1975 505 2037 llorum
520 1984 658 2055 parentes
680 1976 854 2055 cognatique
871 1991 958 2052 aegre
975 1975 1177 2055 pervicerunt,
1193 1983 1220 2035 ut

269 2056 357 2137 legati
385 2060 421 2119 ad
449 2058 599 2120 consulem
619 2058 784 2120 Romanum
810 2059 1005 2120 mitterentur.
1044 2059 1065 2117 ii
1095 2058 1219 2118 nondum

270 2142 426 2204 Canusium
442 2142 620 2221 proiectum,
637 2141 690 2202 sed
704 2141 848 2202 Venusiae
859 2158 926 2201 cnm
937 2143 1037 2221 paucis
1054 2158 1089 2201 ac
1102 2141 1219 2202 semier-

268 2225 364 2286 mibus
383 2225 532 2288 consulem
556 2227 744 2295 invenerunt,
768 2242 855 2304 quarn
884 2231 1000 2303 poterat
1023 2225 1151 2286 maxime
1170 2225 1219 2285 mi·

269 2307 424 2371 serabilem
450 2307 535 2370 bonis
567 2310 670 2380 sociis,
702 2307 836 2388 superbis
866 2315 952 2387 atque
984 2306 1164 2378 iulidelibus,
1191 2315 1219 2367 ut

241 2397 353 2453 terant
375 2393 528 2470 Campani,
559 2392 769 2472 spernendum.
812 2400 842 2451 et
871 2391 951 2452 auxit
975 2408 1077 2452 rerum
1105 2408 1218 2454 suarum

267 2477 370 2555 suique
386 2484 585 2555 contemptum
608 2473 709 2536 consul
736 2476 824 2536 nimis
845 2474 1009 2552 detegendo
1033 2473 1148 2536 cladem
1169 2492 1217 2535 uu·

240 2561 256 2612 3
270 2557 434 2637 dandoque.
458 2576 524 2619 nam
541 2576 606 2620 cum
623 2558 713 2637 legati
727 2574 815 2636 aegre
828 2558 908 2618 terre
918 2565 1054 2619 senatum
1068 2557 1217 2638 populum·

267 2655 324 2715 quc
340 2640 518 2718 Campanum
540 2641 654 2701 adversi
669 2643 825 2721 quicquam
846 2641 977 2701 evenisse
992 2641 1134 2703 Romanls
1148 2657 1218 2701 uuu-

267 2720 388 2781 tiassent
414 2720 683 2803 pollicerenturque
705 2725 819 2794 omnia,
845 2742 920 2804 quae
945 2724 983 2785 ad
1007 2722 1119 2786 bellum
1150 2742 1219 2805 opus

241 2810 379 2876 tessent,
395 2823 533 2876 „morem
549 2807 641 2885 magis
650 2815 668 2839 “
683 2808 778 2887 inquit
796 2855 815 2880 „
822 2805 961 2887 loquendi
974 2824 1042 2869 cum
1057 2809 1145 2869 sociis
1160 2825 1218 2868 ser·

266 2891 367 2961 vastis,
390 2890 545 2969 Campani,
566 2889 702 2953 lubentes
722 2909 796 2972 quae
820 2908 894 2971 opus
920 2897 1019 2952 essent
1047 2891 1084 2953 ad
1111 2890 1219 2953 bobum
1274 2959 1275 2964 γ

265 2972 424 3052 imperare,
443 2993 530 3054 quam
547 2977 755 3036 convenienter
766 2975 802 3035 ad
816 2981 1003 3054 praesentem
1018 2974 1154 3036 fortunae
1169 2993 1218 3036 no
1274 2973 1275 2978 ’

238 3060 343 3117 ostrae
357 3065 464 3119 statum
478 3057 567 3120 locuti
583 3059 662 3120 estis.
693 3057 762 3138 quid
775 3060 853 3119 enim
869 3055 955 3120 uobis
970 3058 1006 3119 ad
1024 3057 1139 3120 Cannas
1153 3057 1218 3120 rell·

265 3148 343 3200 ctum
360 3148 412 3212 est,
427 3149 473 3212 ut,
492 3143 559 3221 qula
570 3141 678 3222 aliquid
692 3142 867 3213 babeamus,
882 3141 913 3202 id
928 3141 1008 3221 quod
1018 3141 1100 3202 deest
1110 3141 1217 3222 expleri

264 3222 300 3283 ab
313 3225 399 3285 sociis
410 3224 549 3286 velimus?
560 3225 673 3305 pedites
684 3224 766 3287 vobis
776 3227 965 3306 imperemus,
977 3231 1127 3304 umquam
1140 3225 1216 3304 equi·

264 3313 308 3368 tes
331 3306 512 3369 babeamus?
537 3310 693 3389 pecuniam
715 3309 817 3371 deesse
838 3308 983 3378 dicamus,
1009 3315 1157 3389 tamqrram
1186 3326 1217 3368 ea

239 3393 378 3451 stantum
397 3391 491 3452 desiti
507 3391 594 3463 nibil,
616 3394 747 3472 nequod
768 3391 972 3474 suppleremus
986 3391 1120 3472 quidem,
1137 3391 1217 3454 nobis

265 3470 383 3550 reliquit
397 3473 524 3535 fortuna.
549 3473 680 3553 legloues
696 3479 848 3555 equitatus,
867 3493 948 3539 arma
959 3476 1052 3553 signa,
1069 3476 1138 3557 equi
1152 3474 1216 3536 viri·
