<?xml version="1.0" encoding="UTF-8"?>
<!DOCTYPE html PUBLIC "-//W3C//DTD XHTML 1.0 Transitional//EN"
    "http://www.w3.org/TR/xhtml1/DTD/xhtml1-transitional.dtd">
<html xmlns="http://www.w3.org/1999/xhtml" xml:lang="en" lang="en">
 <head>
  <title>
</title>
<meta http-equiv="Content-Type" content="text/html;charset=utf-8" />
  <meta name='ocr-system' content='tesseract 3.04.00' />
  <meta name='ocr-capabilities' content='ocr_page ocr_carea ocr_par ocr_line ocrx_word'/>
</head>
<body>
  <div class='ocr_page' id='page_1' title='image "./aburbeconditali12livygoog_0358.png"; bbox 0 0 2575 4067; ppageno 0'>
   <div class='ocr_carea' id='block_1_1' title="bbox 279 258 1055 341">
    <p class='ocr_par' dir='ltr' id='par_1_1' title="bbox 279 258 1055 341">
     <span class='ocr_line' id='line_1_1' title="bbox 279 258 1055 341; baseline -0.014 -10"><span class='ocrx_word' id='word_1_1' title='bbox 279 273 340 334; x_wconf 80' lang='lat'><strong>342</strong></span> <span class='ocrx_word' id='word_1_2' title='bbox 438 283 531 325; x_wconf 77' lang='lat' dir='ltr'><strong>omns</strong></span> <span class='ocrx_word' id='word_1_3' title='bbox 545 281 634 325; x_wconf 83' lang='lat' dir='ltr'><strong>xxm.</strong></span> <span class='ocrx_word' id='word_1_4' title='bbox 652 281 720 324; x_wconf 75' lang='lat' dir='ltr'><strong>oss.</strong></span> <span class='ocrx_word' id='word_1_5' title='bbox 736 267 780 324; x_wconf 80' lang='lat'><strong>23.</strong></span> <span class='ocrx_word' id='word_1_6' title='bbox 795 268 841 323; x_wconf 77' lang='lat'><strong>24,</strong></span> <span class='ocrx_word' id='word_1_7' title='bbox 856 258 896 341; x_wconf 83' lang='lat' dir='ltr'><strong>[o.</strong></span> <span class='ocrx_word' id='word_1_8' title='bbox 907 283 938 323; x_wconf 91' lang='lat' dir='ltr'><strong>u.</strong></span> <span class='ocrx_word' id='word_1_9' title='bbox 954 263 1055 340; x_wconf 53' lang='lat' dir='ltr'><strong>cibat]</strong></span> 
     </span>
    </p>
   </div>
   <div class='ocr_carea' id='block_1_2' title="bbox 252 426 1253 2933">
    <p class='ocr_par' dir='ltr' id='par_1_2' title="bbox 252 426 1253 2933">
     <span class='ocr_line' id='line_1_2' title="bbox 253 426 1238 491; baseline -0.006 -2"><span class='ocrx_word' id='word_1_10' title='bbox 253 440 265 489; x_wconf 89' lang='lat' dir='ltr'><strong>t</strong></span> <span class='ocrx_word' id='word_1_11' title='bbox 339 429 441 491; x_wconf 79' lang='lat' dir='ltr'>xxffl.</span> <span class='ocrx_word' id='word_1_12' title='bbox 473 429 604 491; x_wconf 79' lang='lat' dir='ltr'>Dictator</span> <span class='ocrx_word' id='word_1_13' title='bbox 626 427 676 489; x_wconf 90' lang='lat' dir='ltr'><strong>ubi</strong></span> <span class='ocrx_word' id='word_1_14' title='bbox 700 445 768 489; x_wconf 90' lang='lat' dir='ltr'><strong>cum</strong></span> <span class='ocrx_word' id='word_1_15' title='bbox 788 426 942 489; x_wconf 71' lang='lat' dir='ltr'><strong>lictoribus</strong></span> <span class='ocrx_word' id='word_1_16' title='bbox 962 428 994 487; x_wconf 90' lang='lat' dir='ltr'><strong>in</strong></span> <span class='ocrx_word' id='word_1_17' title='bbox 1016 437 1113 488; x_wconf 86' lang='lat' dir='ltr'><strong>rostra</strong></span> <span class='ocrx_word' id='word_1_18' title='bbox 1137 444 1238 485; x_wconf 84' lang='lat' dir='ltr'><strong>escen·</strong></span> 
     </span>
     <span class='ocr_line' id='line_1_3' title="bbox 281 509 1240 592; baseline -0.004 -19"><span class='ocrx_word' id='word_1_19' title='bbox 281 513 337 583; x_wconf 90' lang='lat' dir='ltr'><strong>dit,</strong></span> <span class='ocrx_word' id='word_1_20' title='bbox 355 531 451 592; x_wconf 91' lang='lat' dir='ltr'><strong>neque</strong></span> <span class='ocrx_word' id='word_1_21' title='bbox 466 512 539 573; x_wconf 87' lang='lat' dir='ltr'><strong>duos</strong></span> <span class='ocrx_word' id='word_1_22' title='bbox 556 512 716 571; x_wconf 78' lang='lat' dir='ltr'><strong>dictatores</strong></span> <span class='ocrx_word' id='word_1_23' title='bbox 731 521 864 589; x_wconf 91' lang='lat' dir='ltr'><strong>tempore</strong></span> <span class='ocrx_word' id='word_1_24' title='bbox 875 509 959 581; x_wconf 81' lang='lat' dir='ltr'><strong>&#39;uno,</strong></span> <span class='ocrx_word' id='word_1_25' title='bbox 981 510 1060 589; x_wconf 91' lang='lat' dir='ltr'><strong>quod</strong></span> <span class='ocrx_word' id='word_1_26' title='bbox 1077 525 1240 588; x_wconf 76' lang='lat' dir='ltr'><strong>nunquam</strong></span> 
     </span>
     <span class='ocr_line' id='line_1_4' title="bbox 252 593 1243 674; baseline -0.001 -20"><span class='ocrx_word' id='word_1_27' title='bbox 252 606 366 658; x_wconf 85' lang='lat' dir='ltr'><strong>2antea</strong></span> <span class='ocrx_word' id='word_1_28' title='bbox 379 596 489 658; x_wconf 89' lang='lat' dir='ltr'><strong>iactum</strong></span> <span class='ocrx_word' id='word_1_29' title='bbox 500 604 587 664; x_wconf 90' lang='lat' dir='ltr'><strong>esset,</strong></span> <span class='ocrx_word' id='word_1_30' title='bbox 602 593 730 674; x_wconf 89' lang='lat' dir='ltr'><strong>probare</strong></span> <span class='ocrx_word' id='word_1_31' title='bbox 748 613 781 655; x_wconf 91' lang='lat' dir='ltr'><strong>se</strong></span> <span class='ocrx_word' id='word_1_32' title='bbox 794 595 881 664; x_wconf 77' lang='lat' dir='ltr'><strong>dixit,</strong></span> <span class='ocrx_word' id='word_1_33' title='bbox 901 612 998 673; x_wconf 92' lang='lat' dir='ltr'><strong>neque</strong></span> <span class='ocrx_word' id='word_1_34' title='bbox 1015 594 1196 655; x_wconf 75' lang='lat' dir='ltr'><strong>dictatorern</strong></span> <span class='ocrx_word' id='word_1_35' title='bbox 1212 609 1243 653; x_wconf 90' lang='lat' dir='ltr'><strong>se</strong></span> 
     </span>
     <span class='ocr_line' id='line_1_5' title="bbox 280 678 1239 758; baseline -0.001 -18"><span class='ocrx_word' id='word_1_36' title='bbox 280 682 343 741; x_wconf 90' lang='lat' dir='ltr'><strong>sine</strong></span> <span class='ocrx_word' id='word_1_37' title='bbox 358 681 499 758; x_wconf 88' lang='lat' dir='ltr'><strong>magistro</strong></span> <span class='ocrx_word' id='word_1_38' title='bbox 516 679 647 758; x_wconf 89' lang='lat' dir='ltr'><strong>equitum</strong></span> <span class='ocrx_word' id='word_1_39' title='bbox 663 695 718 738; x_wconf 92' lang='lat' dir='ltr'><strong>nec</strong></span> <span class='ocrx_word' id='word_1_40' title='bbox 736 678 900 739; x_wconf 90' lang='lat' dir='ltr'><strong>censoriam</strong></span> <span class='ocrx_word' id='word_1_41' title='bbox 915 678 973 737; x_wconf 87' lang='lat' dir='ltr'><strong>vim</strong></span> <span class='ocrx_word' id='word_1_42' title='bbox 988 678 1038 738; x_wconf 93' lang='lat' dir='ltr'><strong>uni</strong></span> <span class='ocrx_word' id='word_1_43' title='bbox 1055 679 1239 756; x_wconf 79' lang='lat' dir='ltr'><strong>permissam,</strong></span> 
     </span>
     <span class='ocr_line' id='line_1_6' title="bbox 281 760 1241 839; baseline 0 -16"><span class='ocrx_word' id='word_1_44' title='bbox 281 773 311 823; x_wconf 93' lang='lat' dir='ltr'><strong>et</strong></span> <span class='ocrx_word' id='word_1_45' title='bbox 328 763 423 824; x_wconf 92' lang='lat' dir='ltr'><strong>eldem</strong></span> <span class='ocrx_word' id='word_1_46' title='bbox 444 764 566 831; x_wconf 88' lang='lat' dir='ltr'><strong>iterum,</strong></span> <span class='ocrx_word' id='word_1_47' title='bbox 596 779 652 821; x_wconf 89' lang='lat' dir='ltr'><strong>nec</strong></span> <span class='ocrx_word' id='word_1_48' title='bbox 670 760 805 822; x_wconf 79' lang='lat' dir='ltr'><strong>dictatori</strong></span> <span class='ocrx_word' id='word_1_49' title='bbox 830 762 888 822; x_wconf 89' lang='lat' dir='ltr'><strong>nisi</strong></span> <span class='ocrx_word' id='word_1_50' title='bbox 914 761 960 821; x_wconf 90' lang='lat' dir='ltr'><strong>rei</strong></span> <span class='ocrx_word' id='word_1_51' title='bbox 979 760 1127 839; x_wconf 73' lang='lat' dir='ltr'><strong>gerendae</strong></span> <span class='ocrx_word' id='word_1_52' title='bbox 1154 781 1241 823; x_wconf 88' lang='lat' dir='ltr'><strong>causa</strong></span> 
     </span>
     <span class='ocr_line' id='line_1_7' title="bbox 256 844 1242 925; baseline 0.001 -19"><span class='ocrx_word' id='word_1_53' title='bbox 256 855 383 908; x_wconf 78' lang='lat' dir='ltr'><strong>screato</strong></span> <span class='ocrx_word' id='word_1_54' title='bbox 399 848 431 907; x_wconf 90' lang='lat' dir='ltr'><strong>in</strong></span> <span class='ocrx_word' id='word_1_55' title='bbox 445 864 497 907; x_wconf 86' lang='lat' dir='ltr'><strong>sex</strong></span> <span class='ocrx_word' id='word_1_56' title='bbox 510 862 628 905; x_wconf 87' lang='lat' dir='ltr'><strong>menses</strong></span> <span class='ocrx_word' id='word_1_57' title='bbox 641 844 741 905; x_wconf 90' lang='lat' dir='ltr'><strong>datum</strong></span> <span class='ocrx_word' id='word_1_58' title='bbox 761 845 928 925; x_wconf 91' lang='lat' dir='ltr'><strong>imperium.</strong></span> <span class='ocrx_word' id='word_1_59' title='bbox 961 863 1039 924; x_wconf 56' lang='lat' dir='ltr'><strong>‘quae</strong></span> <span class='ocrx_word' id='word_1_60' title='bbox 1058 845 1242 907; x_wconf 83' lang='lat' dir='ltr'><strong>inmoderata</strong></span> 
     </span>
     <span class='ocr_line' id='line_1_8' title="bbox 282 927 1242 1009; baseline 0.001 -20"><span class='ocrx_word' id='word_1_61' title='bbox 282 930 360 999; x_wconf 84' lang='lat' dir='ltr'><strong>sors,</strong></span> <span class='ocrx_word' id='word_1_62' title='bbox 375 938 491 1009; x_wconf 90' lang='lat' dir='ltr'><strong>tempus</strong></span> <span class='ocrx_word' id='word_1_63' title='bbox 505 947 540 991; x_wconf 88' lang='lat' dir='ltr'><strong>ac</strong></span> <span class='ocrx_word' id='word_1_64' title='bbox 555 929 715 989; x_wconf 84' lang='lat' dir='ltr'><strong>necessitas</strong></span> <span class='ocrx_word' id='word_1_65' title='bbox 734 927 853 999; x_wconf 88' lang='lat' dir='ltr'><strong>lecerit,</strong></span> <span class='ocrx_word' id='word_1_66' title='bbox 876 929 922 989; x_wconf 90' lang='lat' dir='ltr'><strong>bis</strong></span> <span class='ocrx_word' id='word_1_67' title='bbox 940 946 973 988; x_wconf 89' lang='lat' dir='ltr'><strong>se</strong></span> <span class='ocrx_word' id='word_1_68' title='bbox 992 927 1114 989; x_wconf 90' lang='lat' dir='ltr'><strong>modum</strong></span> <span class='ocrx_word' id='word_1_69' title='bbox 1131 931 1242 1008; x_wconf 90' lang='lat' dir='ltr'><strong>inposi-</strong></span> 
     </span>
     <span class='ocr_line' id='line_1_9' title="bbox 282 1015 1233 1091; baseline -0.001 -17"><span class='ocrx_word' id='word_1_70' title='bbox 282 1024 392 1074; x_wconf 85' lang='lat' dir='ltr'><strong>turum.</strong></span> <span class='ocrx_word' id='word_1_71' title='bbox 430 1031 499 1074; x_wconf 82' lang='lat' dir='ltr'><strong>nom</strong></span> <span class='ocrx_word' id='word_1_72' title='bbox 520 1030 617 1091; x_wconf 90' lang='lat' dir='ltr'><strong>neque</strong></span> <span class='ocrx_word' id='word_1_73' title='bbox 638 1023 743 1073; x_wconf 89' lang='lat' dir='ltr'><strong>senatu</strong></span> <span class='ocrx_word' id='word_1_74' title='bbox 766 1029 944 1091; x_wconf 85' lang='lat' dir='ltr'><strong>quemquam</strong></span> <span class='ocrx_word' id='word_1_75' title='bbox 964 1023 1114 1074; x_wconf 90' lang='lat' dir='ltr'><strong>moturum</strong></span> <span class='ocrx_word' id='word_1_76' title='bbox 1137 1030 1173 1073; x_wconf 85' lang='lat' dir='ltr'><strong>ex</strong></span> <span class='ocrx_word' id='word_1_77' title='bbox 1198 1015 1233 1073; x_wconf 91' lang='lat' dir='ltr'><strong>iis</strong></span> 
     </span>
     <span class='ocr_line' id='line_1_10' title="bbox 282 1093 1242 1176; baseline -0.001 -19"><span class='ocrx_word' id='word_1_78' title='bbox 282 1115 359 1176; x_wconf 29' lang='lat' dir='ltr'><strong>quos,</strong></span> <span class='ocrx_word' id='word_1_79' title='bbox 371 1096 403 1158; x_wconf 84' lang='lat' dir='ltr'><strong>G.</strong></span> <span class='ocrx_word' id='word_1_80' title='bbox 418 1095 579 1157; x_wconf 80' lang='lat' dir='ltr'><strong>Flaminius</strong></span> <span class='ocrx_word' id='word_1_81' title='bbox 593 1096 626 1155; x_wconf 73' lang='lat' dir='ltr'><strong>L,</strong></span> <span class='ocrx_word' id='word_1_82' title='bbox 642 1093 783 1156; x_wconf 77' lang='lat' dir='ltr'><strong>Aemilius</strong></span> <span class='ocrx_word' id='word_1_83' title='bbox 799 1113 937 1156; x_wconf 90' lang='lat' dir='ltr'><strong>censores</strong></span> <span class='ocrx_word' id='word_1_84' title='bbox 951 1096 982 1156; x_wconf 92' lang='lat' dir='ltr'><strong>in</strong></span> <span class='ocrx_word' id='word_1_85' title='bbox 999 1104 1135 1157; x_wconf 89' lang='lat' dir='ltr'><strong>senatum</strong></span> <span class='ocrx_word' id='word_1_86' title='bbox 1149 1095 1242 1174; x_wconf 86' lang='lat' dir='ltr'><strong>legis-</strong></span> 
     </span>
     <span class='ocr_line' id='line_1_11' title="bbox 254 1179 1243 1258; baseline 0 -18"><span class='ocrx_word' id='word_1_87' title='bbox 254 1190 362 1249; x_wconf 89' lang='lat' dir='ltr'><strong>tsent;</strong></span> <span class='ocrx_word' id='word_1_88' title='bbox 380 1179 537 1241; x_wconf 82' lang='lat' dir='ltr'><strong>transcribi</strong></span> <span class='ocrx_word' id='word_1_89' title='bbox 550 1188 664 1239; x_wconf 90' lang='lat' dir='ltr'><strong>tantum</strong></span> <span class='ocrx_word' id='word_1_90' title='bbox 675 1180 853 1257; x_wconf 88' lang='lat' dir='ltr'><strong>recitarique</strong></span> <span class='ocrx_word' id='word_1_91' title='bbox 864 1198 915 1241; x_wconf 89' lang='lat' dir='ltr'><strong>eos</strong></span> <span class='ocrx_word' id='word_1_92' title='bbox 924 1180 1081 1250; x_wconf 86' lang='lat' dir='ltr'><strong>iussurum,</strong></span> <span class='ocrx_word' id='word_1_93' title='bbox 1098 1197 1137 1240; x_wconf 89' lang='lat' dir='ltr'><strong>ne</strong></span> <span class='ocrx_word' id='word_1_94' title='bbox 1152 1197 1243 1258; x_wconf 89' lang='lat' dir='ltr'><strong>penes</strong></span> 
     </span>
     <span class='ocr_line' id='line_1_12' title="bbox 283 1261 1244 1341; baseline -0.003 -14"><span class='ocrx_word' id='word_1_95' title='bbox 283 1282 375 1327; x_wconf 91' lang='lat' dir='ltr'><strong>unum</strong></span> <span class='ocrx_word' id='word_1_96' title='bbox 387 1263 537 1324; x_wconf 88' lang='lat' dir='ltr'><strong>hominem</strong></span> <span class='ocrx_word' id='word_1_97' title='bbox 551 1262 693 1324; x_wconf 90' lang='lat' dir='ltr'><strong>iudicium</strong></span> <span class='ocrx_word' id='word_1_98' title='bbox 700 1261 915 1341; x_wconf 88' lang='lat' dir='ltr'><strong>arbitriumque</strong></span> <span class='ocrx_word' id='word_1_99' title='bbox 923 1262 960 1323; x_wconf 89' lang='lat' dir='ltr'><strong>de</strong></span> <span class='ocrx_word' id='word_1_100' title='bbox 974 1261 1052 1323; x_wconf 90' lang='lat' dir='ltr'><strong>lama</strong></span> <span class='ocrx_word' id='word_1_101' title='bbox 1063 1281 1097 1324; x_wconf 85' lang='lat' dir='ltr'><strong>ac</strong></span> <span class='ocrx_word' id='word_1_102' title='bbox 1111 1264 1244 1324; x_wconf 86' lang='lat' dir='ltr'><strong>moribus</strong></span> 
     </span>
     <span class='ocr_line' id='line_1_13' title="bbox 283 1345 1243 1415; baseline -0.003 -6"><span class='ocrx_word' id='word_1_103' title='bbox 283 1347 432 1409; x_wconf 85' lang='lat' dir='ltr'><strong>senatoris·</strong></span> <span class='ocrx_word' id='word_1_104' title='bbox 439 1348 542 1415; x_wconf 82' lang='lat' dir='ltr'><strong>luerit:</strong></span> <span class='ocrx_word' id='word_1_105' title='bbox 556 1348 635 1408; x_wconf 88' lang='lat' dir='ltr'><strong>etita</strong></span> <span class='ocrx_word' id='word_1_106' title='bbox 644 1347 675 1406; x_wconf 90' lang='lat' dir='ltr'><strong>in</strong></span> <span class='ocrx_word' id='word_1_107' title='bbox 687 1346 910 1408; x_wconf 89' lang='lat' dir='ltr'><strong>demortuorum</strong></span> <span class='ocrx_word' id='word_1_108' title='bbox 921 1345 1020 1407; x_wconf 92' lang='lat' dir='ltr'><strong>locum</strong></span> <span class='ocrx_word' id='word_1_109' title='bbox 1031 1345 1243 1415; x_wconf 86' lang='lat' dir='ltr'><strong>sublecturum,</strong></span> 
     </span>
     <span class='ocr_line' id='line_1_14' title="bbox 254 1429 1244 1510; baseline -0.001 -18"><span class='ocrx_word' id='word_1_110' title='bbox 254 1436 313 1492; x_wconf 76' lang='lat' dir='ltr'><strong>tut</strong></span> <span class='ocrx_word' id='word_1_111' title='bbox 328 1432 402 1492; x_wconf 88' lang='lat' dir='ltr'><strong>ordo</strong></span> <span class='ocrx_word' id='word_1_112' title='bbox 418 1431 524 1502; x_wconf 91' lang='lat' dir='ltr'><strong>ordini,</strong></span> <span class='ocrx_word' id='word_1_113' title='bbox 541 1449 600 1492; x_wconf 93' lang='lat' dir='ltr'><strong>non</strong></span> <span class='ocrx_word' id='word_1_114' title='bbox 615 1431 705 1491; x_wconf 89' lang='lat' dir='ltr'><strong>bomo</strong></span> <span class='ocrx_word' id='word_1_115' title='bbox 721 1430 834 1491; x_wconf 92' lang='lat' dir='ltr'><strong>bomini</strong></span> <span class='ocrx_word' id='word_1_116' title='bbox 848 1429 994 1510; x_wconf 81' lang='lat' dir='ltr'><strong>praelatus</strong></span> <span class='ocrx_word' id='word_1_117' title='bbox 1009 1430 1168 1491; x_wconf 89' lang='lat' dir='ltr'><strong>videretur.</strong></span> <span class='ocrx_word' id='word_1_118' title='bbox 1199 1449 1244 1491; x_wconf 90' lang='lat' dir='ltr'><strong>re·</strong></span> 
     </span>
     <span class='ocr_line' id='line_1_15' title="bbox 284 1513 1244 1593; baseline -0.001 -17"><span class='ocrx_word' id='word_1_119' title='bbox 284 1517 372 1577; x_wconf 87' lang='lat' dir='ltr'><strong>citato</strong></span> <span class='ocrx_word' id='word_1_120' title='bbox 387 1523 486 1577; x_wconf 87' lang='lat' dir='ltr'><strong>vetere</strong></span> <span class='ocrx_word' id='word_1_121' title='bbox 500 1525 619 1585; x_wconf 91' lang='lat' dir='ltr'><strong>senatu,</strong></span> <span class='ocrx_word' id='word_1_122' title='bbox 644 1514 714 1575; x_wconf 92' lang='lat' dir='ltr'><strong>inde</strong></span> <span class='ocrx_word' id='word_1_123' title='bbox 730 1516 842 1593; x_wconf 89' lang='lat' dir='ltr'><strong>primos</strong></span> <span class='ocrx_word' id='word_1_124' title='bbox 862 1515 893 1572; x_wconf 89' lang='lat' dir='ltr'><strong>in</strong></span> <span class='ocrx_word' id='word_1_125' title='bbox 909 1513 1132 1575; x_wconf 87' lang='lat' dir='ltr'><strong>demortuorum</strong></span> <span class='ocrx_word' id='word_1_126' title='bbox 1146 1513 1244 1575; x_wconf 92' lang='lat' dir='ltr'><strong>locum</strong></span> 
     </span>
     <span class='ocr_line' id='line_1_16' title="bbox 284 1597 1244 1678; baseline 0 -19"><span class='ocrx_word' id='word_1_127' title='bbox 284 1598 363 1678; x_wconf 90' lang='lat' dir='ltr'><strong>legit,</strong></span> <span class='ocrx_word' id='word_1_128' title='bbox 380 1600 431 1678; x_wconf 95' lang='lat' dir='ltr'><strong>qui</strong></span> <span class='ocrx_word' id='word_1_129' title='bbox 440 1606 508 1678; x_wconf 88' lang='lat' dir='ltr'><strong>post</strong></span> <span class='ocrx_word' id='word_1_130' title='bbox 517 1599 550 1658; x_wconf 87' lang='lat' dir='ltr'><strong>L.</strong></span> <span class='ocrx_word' id='word_1_131' title='bbox 558 1597 715 1659; x_wconf 78' lang='lat' dir='ltr'><strong>Aemilium</strong></span> <span class='ocrx_word' id='word_1_132' title='bbox 723 1598 754 1665; x_wconf 81' lang='lat' dir='ltr'><strong>C.</strong></span> <span class='ocrx_word' id='word_1_133' title='bbox 766 1597 942 1659; x_wconf 81' lang='lat' dir='ltr'><strong>Flaminium</strong></span> <span class='ocrx_word' id='word_1_134' title='bbox 956 1615 1096 1658; x_wconf 89' lang='lat' dir='ltr'><strong>censores</strong></span> <span class='ocrx_word' id='word_1_135' title='bbox 1110 1597 1244 1659; x_wconf 90' lang='lat' dir='ltr'><strong>curulem</strong></span> 
     </span>
     <span class='ocr_line' id='line_1_17' title="bbox 283 1680 1253 1761; baseline -0.001 -18"><span class='ocrx_word' id='word_1_136' title='bbox 283 1684 487 1759; x_wconf 81' lang='lat' dir='ltr'><strong>magistratum</strong></span> <span class='ocrx_word' id='word_1_137' title='bbox 505 1682 653 1761; x_wconf 85' lang='lat' dir='ltr'><strong>cepissent</strong></span> <span class='ocrx_word' id='word_1_138' title='bbox 667 1681 795 1743; x_wconf 88' lang='lat' dir='ltr'><strong>necdum</strong></span> <span class='ocrx_word' id='word_1_139' title='bbox 808 1682 840 1741; x_wconf 94' lang='lat' dir='ltr'><strong>in</strong></span> <span class='ocrx_word' id='word_1_140' title='bbox 855 1689 990 1743; x_wconf 89' lang='lat' dir='ltr'><strong>senatum</strong></span> <span class='ocrx_word' id='word_1_141' title='bbox 1000 1680 1070 1742; x_wconf 88' lang='lat' dir='ltr'><strong>lecti</strong></span> <span class='ocrx_word' id='word_1_142' title='bbox 1085 1691 1201 1752; x_wconf 89' lang='lat' dir='ltr'><strong>essent,</strong></span> <span class='ocrx_word' id='word_1_143' title='bbox 1217 1690 1253 1742; x_wconf 88' lang='lat' dir='ltr'><strong>ut·</strong></span> 
     </span>
     <span class='ocr_line' id='line_1_18' title="bbox 255 1762 1246 1846; baseline 0 -21"><span class='ocrx_word' id='word_1_144' title='bbox 255 1768 407 1844; x_wconf 78' lang='lat' dir='ltr'><strong>equisque</strong></span> <span class='ocrx_word' id='word_1_145' title='bbox 429 1782 532 1826; x_wconf 92' lang='lat' dir='ltr'><strong>eorum</strong></span> <span class='ocrx_word' id='word_1_146' title='bbox 555 1762 702 1845; x_wconf 91' lang='lat' dir='ltr'><strong>[senatus]</strong></span> <span class='ocrx_word' id='word_1_147' title='bbox 725 1766 839 1846; x_wconf 88' lang='lat' dir='ltr'><strong>primus</strong></span> <span class='ocrx_word' id='word_1_148' title='bbox 857 1772 973 1827; x_wconf 89' lang='lat' dir='ltr'><strong>creatus</strong></span> <span class='ocrx_word' id='word_1_149' title='bbox 996 1777 1075 1834; x_wconf 88' lang='lat' dir='ltr'><strong>erat;</strong></span> <span class='ocrx_word' id='word_1_150' title='bbox 1098 1775 1161 1826; x_wconf 89' lang='lat' dir='ltr'><strong>tum</strong></span> <span class='ocrx_word' id='word_1_151' title='bbox 1177 1765 1246 1844; x_wconf 86' lang='lat' dir='ltr'><strong>legit</strong></span> 
     </span>
     <span class='ocr_line' id='line_1_19' title="bbox 285 1847 1244 1929; baseline -0.001 -20"><span class='ocrx_word' id='word_1_152' title='bbox 285 1849 335 1927; x_wconf 92' lang='lat' dir='ltr'><strong>qui</strong></span> <span class='ocrx_word' id='word_1_153' title='bbox 355 1847 478 1917; x_wconf 87' lang='lat' dir='ltr'><strong>aediles,</strong></span> <span class='ocrx_word' id='word_1_154' title='bbox 496 1848 608 1909; x_wconf 91' lang='lat' dir='ltr'><strong>tribuni</strong></span> <span class='ocrx_word' id='word_1_155' title='bbox 628 1848 723 1927; x_wconf 85' lang='lat' dir='ltr'><strong>plebis</strong></span> <span class='ocrx_word' id='word_1_156' title='bbox 744 1859 952 1929; x_wconf 84' lang='lat' dir='ltr'><strong>quaestoresve·</strong></span> <span class='ocrx_word' id='word_1_157' title='bbox 972 1849 1102 1920; x_wconf 77' lang='lat' dir='ltr'><strong>lucrant3</strong></span> <span class='ocrx_word' id='word_1_158' title='bbox 1127 1859 1193 1910; x_wconf 91' lang='lat' dir='ltr'><strong>tum</strong></span> <span class='ocrx_word' id='word_1_159' title='bbox 1213 1867 1244 1908; x_wconf 82' lang='lat' dir='ltr'><strong>ex</strong></span> 
     </span>
     <span class='ocr_line' id='line_1_20' title="bbox 285 1932 1245 2012; baseline 0.002 -22"><span class='ocrx_word' id='word_1_160' title='bbox 285 1932 333 2002; x_wconf 89' lang='lat' dir='ltr'><strong>iis,</strong></span> <span class='ocrx_word' id='word_1_161' title='bbox 356 1933 407 2011; x_wconf 92' lang='lat' dir='ltr'><strong>qui</strong></span> <span class='ocrx_word' id='word_1_162' title='bbox 417 1933 604 2011; x_wconf 79' lang='lat' dir='ltr'><strong>magistratus</strong></span> <span class='ocrx_word' id='word_1_163' title='bbox 615 1935 744 2006; x_wconf 81' lang='lat' dir='ltr'><strong>minores</strong></span> <span class='ocrx_word' id='word_1_164' title='bbox 760 1934 921 2012; x_wconf 88' lang='lat' dir='ltr'><strong>cepissent,</strong></span> <span class='ocrx_word' id='word_1_165' title='bbox 943 1934 995 2012; x_wconf 92' lang='lat' dir='ltr'><strong>qui</strong></span> <span class='ocrx_word' id='word_1_166' title='bbox 1006 1933 1098 2012; x_wconf 93' lang='lat' dir='ltr'><strong>spolia</strong></span> <span class='ocrx_word' id='word_1_167' title='bbox 1114 1951 1149 1992; x_wconf 84' lang='lat' dir='ltr'><strong>ex</strong></span> <span class='ocrx_word' id='word_1_168' title='bbox 1162 1934 1245 1993; x_wconf 88' lang='lat' dir='ltr'><strong>hoste</strong></span> 
     </span>
     <span class='ocr_line' id='line_1_21' title="bbox 257 2015 1247 2097; baseline 0.003 -23"><span class='ocrx_word' id='word_1_169' title='bbox 257 2015 342 2075; x_wconf 83' lang='lat' dir='ltr'><strong>tiixa</strong></span> <span class='ocrx_word' id='word_1_170' title='bbox 358 2015 438 2076; x_wconf 93' lang='lat' dir='ltr'><strong>domi</strong></span> <span class='ocrx_word' id='word_1_171' title='bbox 457 2016 603 2080; x_wconf 90' lang='lat' dir='ltr'><strong>haberent</strong></span> <span class='ocrx_word' id='word_1_172' title='bbox 615 2026 667 2078; x_wconf 91' lang='lat' dir='ltr'><strong>aut</strong></span> <span class='ocrx_word' id='word_1_173' title='bbox 680 2017 802 2077; x_wconf 82' lang='lat' dir='ltr'><strong>civicam</strong></span> <span class='ocrx_word' id='word_1_174' title='bbox 822 2034 963 2078; x_wconf 91' lang='lat' dir='ltr'><strong>coronam</strong></span> <span class='ocrx_word' id='word_1_175' title='bbox 978 2018 1172 2097; x_wconf 77' lang='lat' dir='ltr'><strong>accepissent</strong></span> <span class='ocrx_word' id='word_1_176' title='bbox 1209 2019 1247 2077; x_wconf 87' lang='lat' dir='ltr'><strong>ita</strong></span> 
     </span>
     <span class='ocr_line' id='line_1_22' title="bbox 285 2100 1247 2182; baseline 0.003 -24"><span class='ocrx_word' id='word_1_177' title='bbox 285 2109 404 2182; x_wconf 82' lang='lat' dir='ltr'><strong>centum</strong></span> <span class='ocrx_word' id='word_1_178' title='bbox 419 2102 603 2179; x_wconf 81' lang='lat' dir='ltr'><strong>septuaginta</strong></span> <span class='ocrx_word' id='word_1_179' title='bbox 617 2109 732 2180; x_wconf 89' lang='lat' dir='ltr'><strong>septem</strong></span> <span class='ocrx_word' id='word_1_180' title='bbox 748 2118 814 2161; x_wconf 90' lang='lat' dir='ltr'><strong>cum</strong></span> <span class='ocrx_word' id='word_1_181' title='bbox 833 2102 947 2179; x_wconf 88' lang='lat' dir='ltr'><strong>ingenti</strong></span> <span class='ocrx_word' id='word_1_182' title='bbox 962 2100 1178 2178; x_wconf 86' lang='lat' dir='ltr'><strong>adprobatione</strong></span> <span class='ocrx_word' id='word_1_183' title='bbox 1196 2101 1247 2162; x_wconf 89' lang='lat' dir='ltr'><strong>bo·</strong></span> 
     </span>
     <span class='ocr_line' id='line_1_23' title="bbox 284 2182 1246 2261; baseline 0 -17"><span class='ocrx_word' id='word_1_184' title='bbox 284 2184 397 2244; x_wconf 88' lang='lat' dir='ltr'><strong>minum</strong></span> <span class='ocrx_word' id='word_1_185' title='bbox 412 2184 443 2244; x_wconf 92' lang='lat' dir='ltr'><strong>in</strong></span> <span class='ocrx_word' id='word_1_186' title='bbox 455 2193 589 2245; x_wconf 92' lang='lat' dir='ltr'><strong>senatum</strong></span> <span class='ocrx_word' id='word_1_187' title='bbox 604 2182 689 2245; x_wconf 92' lang='lat' dir='ltr'><strong>lectis</strong></span> <span class='ocrx_word' id='word_1_188' title='bbox 703 2182 850 2261; x_wconf 87' lang='lat' dir='ltr'><strong>extemplo</strong></span> <span class='ocrx_word' id='word_1_189' title='bbox 862 2202 894 2245; x_wconf 88' lang='lat' dir='ltr'><strong>se</strong></span> <span class='ocrx_word' id='word_1_190' title='bbox 905 2186 1079 2261; x_wconf 85' lang='lat' dir='ltr'><strong>magistratu</strong></span> <span class='ocrx_word' id='word_1_191' title='bbox 1091 2184 1246 2253; x_wconf 83' lang='lat' dir='ltr'><strong>abdicavit,</strong></span> 
     </span>
     <span class='ocr_line' id='line_1_24' title="bbox 284 2266 1247 2346; baseline 0.002 -20"><span class='ocrx_word' id='word_1_192' title='bbox 284 2268 473 2346; x_wconf 83' lang='lat' dir='ltr'><strong>privatusque</strong></span> <span class='ocrx_word' id='word_1_193' title='bbox 496 2268 533 2329; x_wconf 90' lang='lat' dir='ltr'><strong>de</strong></span> <span class='ocrx_word' id='word_1_194' title='bbox 559 2269 665 2328; x_wconf 87' lang='lat' dir='ltr'><strong>rostris</strong></span> <span class='ocrx_word' id='word_1_195' title='bbox 690 2266 842 2328; x_wconf 90' lang='lat' dir='ltr'><strong>descendit</strong></span> <span class='ocrx_word' id='word_1_196' title='bbox 867 2266 1020 2328; x_wconf 87' lang='lat' dir='ltr'><strong>lictoribus</strong></span> <span class='ocrx_word' id='word_1_197' title='bbox 1043 2267 1127 2329; x_wconf 90' lang='lat' dir='ltr'><strong>abire</strong></span> <span class='ocrx_word' id='word_1_198' title='bbox 1149 2269 1247 2336; x_wconf 90' lang='lat' dir='ltr'><strong>iussis,</strong></span> 
     </span>
     <span class='ocr_line' id='line_1_25' title="bbox 257 2349 1248 2432; baseline 0.007 -27"><span class='ocrx_word' id='word_1_199' title='bbox 257 2349 449 2428; x_wconf 77' lang='lat' dir='ltr'><strong>tturbaeque</strong></span> <span class='ocrx_word' id='word_1_200' title='bbox 461 2369 494 2411; x_wconf 92' lang='lat' dir='ltr'><strong>se</strong></span> <span class='ocrx_word' id='word_1_201' title='bbox 510 2352 660 2412; x_wconf 89' lang='lat' dir='ltr'><strong>inmiscuit</strong></span> <span class='ocrx_word' id='word_1_202' title='bbox 674 2352 802 2429; x_wconf 72' lang='lat' dir='ltr'><strong>privatas</strong></span> <span class='ocrx_word' id='word_1_203' title='bbox 814 2353 963 2430; x_wconf 88' lang='lat' dir='ltr'><strong>agentium</strong></span> <span class='ocrx_word' id='word_1_204' title='bbox 977 2370 1044 2432; x_wconf 86' lang='lat' dir='ltr'><strong>res,</strong></span> <span class='ocrx_word' id='word_1_205' title='bbox 1060 2361 1180 2431; x_wconf 89' lang='lat' dir='ltr'><strong>tempus</strong></span> <span class='ocrx_word' id='word_1_206' title='bbox 1194 2353 1248 2412; x_wconf 90' lang='lat' dir='ltr'><strong>hoc</strong></span> 
     </span>
     <span class='ocr_line' id='line_1_26' title="bbox 284 2432 1248 2515; baseline 0.003 -23"><span class='ocrx_word' id='word_1_207' title='bbox 284 2432 387 2493; x_wconf 90' lang='lat' dir='ltr'><strong>sedulo</strong></span> <span class='ocrx_word' id='word_1_208' title='bbox 404 2442 518 2504; x_wconf 90' lang='lat' dir='ltr'><strong>terens,</strong></span> <span class='ocrx_word' id='word_1_209' title='bbox 536 2453 575 2495; x_wconf 90' lang='lat' dir='ltr'><strong>ne</strong></span> <span class='ocrx_word' id='word_1_210' title='bbox 597 2433 764 2496; x_wconf 91' lang='lat' dir='ltr'><strong>deducendi</strong></span> <span class='ocrx_word' id='word_1_211' title='bbox 788 2436 834 2496; x_wconf 90' lang='lat' dir='ltr'><strong>sui</strong></span> <span class='ocrx_word' id='word_1_212' title='bbox 854 2453 942 2497; x_wconf 89' lang='lat' dir='ltr'><strong>causa</strong></span> <span class='ocrx_word' id='word_1_213' title='bbox 963 2434 1104 2515; x_wconf 80' lang='lat' dir='ltr'><strong>poprdum</strong></span> <span class='ocrx_word' id='word_1_214' title='bbox 1129 2435 1169 2496; x_wconf 90' lang='lat' dir='ltr'><strong>de</strong></span> <span class='ocrx_word' id='word_1_215' title='bbox 1186 2436 1248 2497; x_wconf 87' lang='lat' dir='ltr'><strong>loro</strong></span> 
     </span>
     <span class='ocr_line' id='line_1_27' title="bbox 284 2515 1247 2597; baseline 0.003 -21"><span class='ocrx_word' id='word_1_216' title='bbox 284 2515 457 2577; x_wconf 87' lang='lat' dir='ltr'><strong>abduceret:</strong></span> <span class='ocrx_word' id='word_1_217' title='bbox 474 2536 570 2597; x_wconf 89' lang='lat' dir='ltr'><strong>nequo</strong></span> <span class='ocrx_word' id='word_1_218' title='bbox 590 2528 692 2578; x_wconf 82' lang='lat' dir='ltr'><strong>tomen</strong></span> <span class='ocrx_word' id='word_1_219' title='bbox 707 2517 838 2597; x_wconf 90' lang='lat' dir='ltr'><strong>elanguit</strong></span> <span class='ocrx_word' id='word_1_220' title='bbox 848 2537 920 2580; x_wconf 88' lang='lat' dir='ltr'><strong>cura</strong></span> <span class='ocrx_word' id='word_1_221' title='bbox 934 2520 1088 2580; x_wconf 90' lang='lat' dir='ltr'><strong>hominum</strong></span> <span class='ocrx_word' id='word_1_222' title='bbox 1102 2538 1136 2580; x_wconf 93' lang='lat' dir='ltr'><strong>ea</strong></span> <span class='ocrx_word' id='word_1_223' title='bbox 1155 2538 1247 2588; x_wconf 81' lang='lat' dir='ltr'><strong>moro,</strong></span> 
     </span>
     <span class='ocr_line' id='line_1_28' title="bbox 256 2598 1248 2680; baseline 0.009 -25"><span class='ocrx_word' id='word_1_224' title='bbox 256 2598 512 2680; x_wconf 78' lang='lat' dir='ltr'><strong>olrequentesque</strong></span> <span class='ocrx_word' id='word_1_225' title='bbox 529 2620 596 2661; x_wconf 89' lang='lat' dir='ltr'><strong>eum</strong></span> <span class='ocrx_word' id='word_1_226' title='bbox 615 2603 736 2662; x_wconf 94' lang='lat' dir='ltr'><strong>domum</strong></span> <span class='ocrx_word' id='word_1_227' title='bbox 754 2602 947 2663; x_wconf 85' lang='lat' dir='ltr'><strong>deduxerunt.</strong></span> <span class='ocrx_word' id='word_1_228' title='bbox 984 2602 1087 2664; x_wconf 89' lang='lat' dir='ltr'><strong>consul</strong></span> <span class='ocrx_word' id='word_1_229' title='bbox 1103 2614 1193 2664; x_wconf 87' lang='lat' dir='ltr'><strong>nocte</strong></span> <span class='ocrx_word' id='word_1_230' title='bbox 1207 2604 1248 2663; x_wconf 91' lang='lat' dir='ltr'><strong>in·</strong></span> 
     </span>
     <span class='ocr_line' id='line_1_29' title="bbox 284 2684 1248 2760; baseline 0.006 -21"><span class='ocrx_word' id='word_1_231' title='bbox 284 2684 419 2760; x_wconf 90' lang='lat' dir='ltr'><strong>sequenti</strong></span> <span class='ocrx_word' id='word_1_232' title='bbox 434 2684 470 2745; x_wconf 93' lang='lat' dir='ltr'><strong>ad</strong></span> <span class='ocrx_word' id='word_1_233' title='bbox 484 2687 652 2745; x_wconf 85' lang='lat' dir='ltr'><strong>exercitum</strong></span> <span class='ocrx_word' id='word_1_234' title='bbox 666 2685 743 2744; x_wconf 89' lang='lat' dir='ltr'><strong>redit</strong></span> <span class='ocrx_word' id='word_1_235' title='bbox 757 2703 818 2745; x_wconf 91' lang='lat' dir='ltr'><strong>non</strong></span> <span class='ocrx_word' id='word_1_236' title='bbox 837 2686 914 2747; x_wconf 87' lang='lat' dir='ltr'><strong>iacto</strong></span> <span class='ocrx_word' id='word_1_237' title='bbox 934 2688 1061 2747; x_wconf 90' lang='lat' dir='ltr'><strong>certiore</strong></span> <span class='ocrx_word' id='word_1_238' title='bbox 1075 2696 1197 2757; x_wconf 90' lang='lat' dir='ltr'><strong>senatu,</strong></span> <span class='ocrx_word' id='word_1_239' title='bbox 1215 2704 1248 2746; x_wconf 87' lang='lat' dir='ltr'><strong>no</strong></span> 
     </span>
     <span class='ocr_line' id='line_1_30' title="bbox 286 2766 920 2831; baseline 0.011 -7"><span class='ocrx_word' id='word_1_240' title='bbox 286 2766 471 2826; x_wconf 91' lang='lat' dir='ltr'><strong>comitiorum</strong></span> <span class='ocrx_word' id='word_1_241' title='bbox 487 2785 575 2827; x_wconf 88' lang='lat' dir='ltr'><strong>causa</strong></span> <span class='ocrx_word' id='word_1_242' title='bbox 590 2769 624 2827; x_wconf 95' lang='lat' dir='ltr'><strong>in</strong></span> <span class='ocrx_word' id='word_1_243' title='bbox 640 2767 716 2829; x_wconf 91' lang='lat' dir='ltr'><strong>urbe</strong></span> <span class='ocrx_word' id='word_1_244' title='bbox 729 2771 920 2831; x_wconf 90' lang='lat' dir='ltr'><strong>retineretur.</strong></span> 
     </span>
     <span class='ocr_line' id='line_1_31' title="bbox 260 2847 1249 2933; baseline 0.008 -27"><span class='ocrx_word' id='word_1_245' title='bbox 260 2856 272 2906; x_wconf 90' lang='lat'>1</span> <span class='ocrx_word' id='word_1_246' title='bbox 349 2847 447 2910; x_wconf 84' lang='lat' dir='ltr'>XXIV.</span> <span class='ocrx_word' id='word_1_247' title='bbox 477 2850 600 2911; x_wconf 85' lang='lat' dir='ltr'><strong>Postero</strong></span> <span class='ocrx_word' id='word_1_248' title='bbox 616 2852 665 2912; x_wconf 89' lang='lat' dir='ltr'><strong>die</strong></span> <span class='ocrx_word' id='word_1_249' title='bbox 680 2851 831 2914; x_wconf 91' lang='lat' dir='ltr'><strong>consultus</strong></span> <span class='ocrx_word' id='word_1_250' title='bbox 846 2873 863 2915; x_wconf 96' lang='lat' dir='ltr'><strong>a</strong></span> <span class='ocrx_word' id='word_1_251' title='bbox 877 2855 916 2915; x_wconf 86' lang='lat' dir='ltr'><strong>bl.</strong></span> <span class='ocrx_word' id='word_1_252' title='bbox 929 2854 1093 2933; x_wconf 84' lang='lat' dir='ltr'><strong>Pomponio</strong></span> <span class='ocrx_word' id='word_1_253' title='bbox 1110 2867 1249 2932; x_wconf 87' lang='lat' dir='ltr'><strong>praetore</strong></span> 
     </span>
    </p>
   </div>
   <div class='ocr_carea' id='block_1_3' title="bbox 106 2933 1249 3018">
    <p class='ocr_par' dir='ltr' id='par_1_3' title="bbox 106 2933 1249 3018">
     <span class='ocr_line' id='line_1_32' title="bbox 106 2933 1249 3018; baseline 0.004 -25"><span class='ocrx_word' id='word_1_254' title='bbox 106 3007 112 3018; x_wconf 38' lang='lat'><strong>·</strong></span> <span class='ocrx_word' id='word_1_255' title='bbox 186 2971 189 2977; x_wconf 95' lang='lat'>-</span> <span class='ocrx_word' id='word_1_256' title='bbox 285 2943 405 2995; x_wconf 87' lang='lat' dir='ltr'><strong>senatus</strong></span> <span class='ocrx_word' id='word_1_257' title='bbox 419 2933 550 2994; x_wconf 90' lang='lat' dir='ltr'><strong>decrevit</strong></span> <span class='ocrx_word' id='word_1_258' title='bbox 561 2935 698 2997; x_wconf 90' lang='lat' dir='ltr'><strong>dictatori</strong></span> <span class='ocrx_word' id='word_1_259' title='bbox 715 2936 921 3006; x_wconf 89' lang='lat' dir='ltr'><strong>scribendum,</strong></span> <span class='ocrx_word' id='word_1_260' title='bbox 937 2938 994 3008; x_wconf 89' lang='lat' dir='ltr'><strong>uti,</strong></span> <span class='ocrx_word' id='word_1_261' title='bbox 1011 2939 1037 2997; x_wconf 90' lang='lat' dir='ltr'><strong>si</strong></span> <span class='ocrx_word' id='word_1_262' title='bbox 1053 2956 1069 2998; x_wconf 95' lang='lat' dir='ltr'><strong>e</strong></span> <span class='ocrx_word' id='word_1_263' title='bbox 1085 2937 1249 3017; x_wconf 85' lang='lat' dir='ltr'><strong>republica</strong></span> 
     </span>
    </p>
   </div>
   <div class='ocr_carea' id='block_1_4' title="bbox 180 3019 1251 3619">
    <p class='ocr_par' dir='ltr' id='par_1_4' title="bbox 257 3019 1249 3184">
     <span class='ocr_line' id='line_1_33' title="bbox 286 3019 1248 3097; baseline 0.003 -19"><span class='ocrx_word' id='word_1_264' title='bbox 286 3028 422 3078; x_wconf 88' lang='lat' dir='ltr'><strong>censeret</strong></span> <span class='ocrx_word' id='word_1_265' title='bbox 437 3035 517 3088; x_wconf 89' lang='lat' dir='ltr'><strong>esse,</strong></span> <span class='ocrx_word' id='word_1_266' title='bbox 534 3019 571 3080; x_wconf 91' lang='lat' dir='ltr'><strong>ad</strong></span> <span class='ocrx_word' id='word_1_267' title='bbox 586 3020 722 3081; x_wconf 90' lang='lat' dir='ltr'><strong>consules</strong></span> <span class='ocrx_word' id='word_1_268' title='bbox 737 3020 941 3097; x_wconf 86' lang='lat' dir='ltr'><strong>subrogandos</strong></span> <span class='ocrx_word' id='word_1_269' title='bbox 958 3022 1074 3081; x_wconf 87' lang='lat' dir='ltr'><strong>veniret</strong></span> <span class='ocrx_word' id='word_1_270' title='bbox 1094 3039 1164 3083; x_wconf 93' lang='lat' dir='ltr'><strong>cum</strong></span> <span class='ocrx_word' id='word_1_271' title='bbox 1189 3040 1248 3083; x_wconf 81' lang='lat' dir='ltr'><strong>ma</strong></span> 
     </span>
     <span class='ocr_line' id='line_1_34' title="bbox 257 3102 1249 3184; baseline 0.006 -26"><span class='ocrx_word' id='word_1_272' title='bbox 257 3102 380 3180; x_wconf 73' lang='lat' dir='ltr'><strong>egistro</strong></span> <span class='ocrx_word' id='word_1_273' title='bbox 399 3103 529 3179; x_wconf 90' lang='lat' dir='ltr'><strong>equitum</strong></span> <span class='ocrx_word' id='word_1_274' title='bbox 541 3114 571 3163; x_wconf 91' lang='lat' dir='ltr'><strong>et</strong></span> <span class='ocrx_word' id='word_1_275' title='bbox 582 3116 720 3183; x_wconf 88' lang='lat' dir='ltr'><strong>praetore</strong></span> <span class='ocrx_word' id='word_1_276' title='bbox 735 3104 773 3164; x_wconf 89' lang='lat' dir='ltr'><strong>M.</strong></span> <span class='ocrx_word' id='word_1_277' title='bbox 789 3103 943 3172; x_wconf 82' lang='lat' dir='ltr'><strong>Marcello,</strong></span> <span class='ocrx_word' id='word_1_278' title='bbox 960 3114 992 3166; x_wconf 92' lang='lat' dir='ltr'><strong>ut</strong></span> <span class='ocrx_word' id='word_1_279' title='bbox 1007 3122 1042 3165; x_wconf 83' lang='lat' dir='ltr'><strong>ex</strong></span> <span class='ocrx_word' id='word_1_280' title='bbox 1058 3106 1095 3163; x_wconf 91' lang='lat' dir='ltr'><strong>iis</strong></span> <span class='ocrx_word' id='word_1_281' title='bbox 1110 3123 1249 3184; x_wconf 82' lang='lat' dir='ltr'><strong>praesen·</strong></span> 
     </span>
    </p>

    <p class='ocr_par' dir='ltr' id='par_1_5' title="bbox 180 3184 1251 3619">
     <span class='ocr_line' id='line_1_35' title="bbox 180 3184 1248 3266; baseline 0.006 -21"><span class='ocrx_word' id='word_1_282' title='bbox 180 3185 184 3191; x_wconf 82' lang='lat'>&#39;</span> <span class='ocrx_word' id='word_1_283' title='bbox 286 3184 365 3245; x_wconf 87' lang='lat' dir='ltr'><strong>tibus</strong></span> <span class='ocrx_word' id='word_1_284' title='bbox 379 3201 504 3245; x_wconf 90' lang='lat' dir='ltr'><strong>noscere</strong></span> <span class='ocrx_word' id='word_1_285' title='bbox 518 3196 618 3265; x_wconf 79' lang='lat' dir='ltr'><strong>patres</strong></span> <span class='ocrx_word' id='word_1_286' title='bbox 634 3198 769 3265; x_wconf 89' lang='lat' dir='ltr'><strong>possent,</strong></span> <span class='ocrx_word' id='word_1_287' title='bbox 795 3206 853 3266; x_wconf 91' lang='lat' dir='ltr'><strong>quo</strong></span> <span class='ocrx_word' id='word_1_288' title='bbox 871 3198 947 3247; x_wconf 89' lang='lat' dir='ltr'><strong>statu</strong></span> <span class='ocrx_word' id='word_1_289' title='bbox 966 3205 1015 3247; x_wconf 90' lang='lat' dir='ltr'><strong>res</strong></span> <span class='ocrx_word' id='word_1_290' title='bbox 1030 3186 1149 3266; x_wconf 91' lang='lat' dir='ltr'><strong>publica</strong></span> <span class='ocrx_word' id='word_1_291' title='bbox 1165 3198 1248 3253; x_wconf 80' lang='lat' dir='ltr'><strong>esset.</strong></span> 
     </span>
     <span class='ocr_line' id='line_1_36' title="bbox 279 3270 1251 3353; baseline 0.001 -21"><span class='ocrx_word' id='word_1_292' title='bbox 279 3273 463 3352; x_wconf 87' lang='lat' dir='ltr'><strong>consiliaque</strong></span> <span class='ocrx_word' id='word_1_293' title='bbox 483 3290 520 3333; x_wconf 84' lang='lat' dir='ltr'><strong>ex</strong></span> <span class='ocrx_word' id='word_1_294' title='bbox 539 3270 632 3333; x_wconf 89' lang='lat' dir='ltr'><strong>rebus</strong></span> <span class='ocrx_word' id='word_1_295' title='bbox 652 3282 805 3353; x_wconf 89' lang='lat' dir='ltr'><strong>caperent.</strong></span> <span class='ocrx_word' id='word_1_296' title='bbox 843 3274 897 3353; x_wconf 92' lang='lat' dir='ltr'><strong>qui</strong></span> <span class='ocrx_word' id='word_1_297' title='bbox 918 3274 1124 3343; x_wconf 79' lang='lat' dir='ltr'><strong>acciderant,</strong></span> <span class='ocrx_word' id='word_1_298' title='bbox 1149 3290 1251 3334; x_wconf 86' lang='lat' dir='ltr'><strong>omnes</strong></span> 
     </span>
     <span class='ocr_line' id='line_1_37' title="bbox 252 3354 1250 3436; baseline 0.006 -26"><span class='ocrx_word' id='word_1_299' title='bbox 252 3362 425 3417; x_wconf 69' lang='lat' dir='ltr'><strong>evenerunt</strong></span> <span class='ocrx_word' id='word_1_300' title='bbox 438 3355 553 3416; x_wconf 90' lang='lat' dir='ltr'><strong>relictis</strong></span> <span class='ocrx_word' id='word_1_301' title='bbox 566 3355 682 3432; x_wconf 87' lang='lat' dir='ltr'><strong>legatis,</strong></span> <span class='ocrx_word' id='word_1_302' title='bbox 698 3357 750 3436; x_wconf 90' lang='lat' dir='ltr'><strong>qui</strong></span> <span class='ocrx_word' id='word_1_303' title='bbox 765 3354 935 3434; x_wconf 85' lang='lat' dir='ltr'><strong>legionibus</strong></span> <span class='ocrx_word' id='word_1_304' title='bbox 948 3367 1132 3435; x_wconf 78' lang='lat' dir='ltr'><strong>praeessent.</strong></span> <span class='ocrx_word' id='word_1_305' title='bbox 1158 3356 1250 3417; x_wconf 83' lang='lat' dir='ltr'><strong>dicta·</strong></span> 
     </span>
     <span class='ocr_line' id='line_1_38' title="bbox 279 3438 1249 3521; baseline 0.006 -27"><span class='ocrx_word' id='word_1_306' title='bbox 279 3446 326 3496; x_wconf 89' lang='lat' dir='ltr'><strong>tor</strong></span> <span class='ocrx_word' id='word_1_307' title='bbox 341 3438 378 3498; x_wconf 92' lang='lat' dir='ltr'><strong>de</strong></span> <span class='ocrx_word' id='word_1_308' title='bbox 393 3457 425 3499; x_wconf 88' lang='lat' dir='ltr'><strong>se</strong></span> <span class='ocrx_word' id='word_1_309' title='bbox 439 3457 534 3517; x_wconf 89' lang='lat' dir='ltr'><strong>pauca</strong></span> <span class='ocrx_word' id='word_1_310' title='bbox 550 3457 585 3499; x_wconf 93' lang='lat' dir='ltr'><strong>ac</strong></span> <span class='ocrx_word' id='word_1_311' title='bbox 603 3439 721 3500; x_wconf 91' lang='lat' dir='ltr'><strong>modice</strong></span> <span class='ocrx_word' id='word_1_312' title='bbox 736 3440 855 3505; x_wconf 77' lang='lat' dir='ltr'><strong>bouins</strong></span> <span class='ocrx_word' id='word_1_313' title='bbox 873 3442 905 3501; x_wconf 88' lang='lat' dir='ltr'><strong>in</strong></span> <span class='ocrx_word' id='word_1_314' title='bbox 920 3441 1097 3517; x_wconf 88' lang='lat' dir='ltr'><strong>magistrum</strong></span> <span class='ocrx_word' id='word_1_315' title='bbox 1116 3443 1249 3521; x_wconf 88' lang='lat' dir='ltr'><strong>equitum</strong></span> 
     </span>
     <span class='ocr_line' id='line_1_39' title="bbox 279 3518 1247 3619; baseline 0.007 -44"><span class='ocrx_word' id='word_1_316' title='bbox 279 3518 326 3577; x_wconf 85' lang='lat' dir='ltr'><strong>Ti.</strong></span> <span class='ocrx_word' id='word_1_317' title='bbox 343 3520 553 3619; x_wconf 82' lang='lat' dir='ltr'><strong>Sempronium</strong></span> <span class='ocrx_word' id='word_1_318' title='bbox 568 3522 735 3584; x_wconf 81' lang='lat' dir='ltr'><strong>Gracchum</strong></span> <span class='ocrx_word' id='word_1_319' title='bbox 758 3540 896 3602; x_wconf 90' lang='lat' dir='ltr'><strong>magnam</strong></span> <span class='ocrx_word' id='word_1_320' title='bbox 916 3534 1032 3604; x_wconf 87' lang='lat' dir='ltr'><strong>partem</strong></span> <span class='ocrx_word' id='word_1_321' title='bbox 1055 3525 1168 3601; x_wconf 88' lang='lat' dir='ltr'><strong>gloriae</strong></span> <span class='ocrx_word' id='word_1_322' title='bbox 1185 3540 1247 3584; x_wconf 83' lang='lat' dir='ltr'><strong>ver·</strong></span> 
     </span>
    </p>
   </div>
   <div class='ocr_carea' id='block_1_5' title="bbox 0 0 1304 4067">
    <p class='ocr_par' dir='ltr' id='par_1_6' title="bbox 0 0 1304 4067">
     <span class='ocr_line' id='line_1_40' title="bbox 0 0 1304 4067; baseline 0 0"><span class='ocrx_word' id='word_1_323' title='bbox 0 0 1304 4067; x_wconf 95' lang='lat' dir='ltr'><strong> </strong></span> 
     </span>
    </p>
   </div>
  </div>
 </body>
</html>
