2575 4067
301 263 396 306 emsa
410 264 453 307 11.
467 264 536 306 oar.
549 251 593 307 td.
609 252 653 305 td.
672 243 711 326 [a.
729 246 754 308 0
779 243 841 328 iit]
990 250 1050 313 121

89 410 143 472 irus
156 412 312 491 principes
329 411 487 472 iuventutis
501 410 655 473 duodecim
671 428 795 472 nummo
808 412 839 471 in
854 412 1051 490 proditionem

89 494 206 556 urbium
221 512 343 556 suarum
355 496 500 556 coniurati
512 493 549 556 ad
561 493 697 556 eonsules
707 495 837 555 veniunt
864 495 1077 557 docentsueso

89 579 143 639 iam
155 578 277 657 pridem
288 585 460 657 exoptantes
469 577 641 639 Samnitium
653 577 818 648 adrentum,
830 577 917 639 simod
928 578 965 638 ad
976 578 1051 639 Lau·

90 662 161 723 olas
184 670 350 743 pugnaturn
368 660 537 731 audierunt,
559 678 615 741 pro
635 662 718 721 victis
737 661 885 721 Romanos
903 659 1050 732 habuisse,

88 746 257 817 iuventute,
280 746 369 806 armis
383 745 545 807 Samnitem
564 745 689 814 iuvisse:
710 744 818 823 iugatis
831 744 900 804 inde
914 743 1078 804 Samniti-o

87 826 141 889 irus
151 830 271 892 incerta
282 845 355 908 paee
370 845 458 907 agere
473 845 528 889 nee
545 826 708 889 claudentis
723 835 823 908 pertas
841 826 998 897 manu,
1013 844 1051 888 ne

86 919 243 973 arcessant
254 910 380 981 bellum,
403 919 434 972 et
448 911 612 974 obstinatos
625 910 778 981 claudere,
799 914 825 972 si
839 912 986 973 exercitos
1000 909 1051 971 ad·

87 1004 259 1058 moveatur:
279 996 311 1055 in
328 1012 363 1056 sa
377 993 568 1056 {incuratione
591 996 756 1056 aemorum
774 995 901 1076 opprimi
918 996 1051 1055 incautos

85 1097 183 1157 posse.
214 1080 263 1140 his
276 1076 446 1140 auctoribus
459 1086 538 1140 mota
552 1079 676 1158 propius
689 1086 785 1140 castra
796 1080 936 1159 missique
947 1076 1079 1139 cedem7

88 1173 225 1242 tempore
241 1164 319 1224 circa
334 1163 391 1223 tria
405 1162 512 1243 oppida
526 1160 650 1231 milites,
665 1164 773 1241 partim
794 1164 914 1233 annati,
937 1163 987 1242 qoi
1000 1181 1050 1223 ec·

88 1245 156 1306 ceriti
181 1248 352 1327 propinqua
371 1245 526 1307 moenibus
545 1244 711 1307 insiderent
731 1244 810 1317 ioca,
833 1247 940 1325 partim
960 1246 1050 1323 togati

87 1332 172 1391 tectis
183 1338 268 1392 veste
282 1328 401 1408 gladiis,
420 1331 470 1409 qui
484 1328 539 1391 sub
553 1326 649 1389 mcern
665 1329 774 1408 apertis
790 1329 884 1410 portis
899 1327 991 1390 urbes
1005 1330 1050 1388 in·

88 1414 298 1489 proderentur.
328 1412 366 1474 ab
380 1412 427 1473 his
437 1411 523 1474 unni
535 1410 672 1474 custodes
686 1412 828 1474 mucidari
839 1414 948 1494 coepti,
965 1410 1079 1473 dmuie
1215 1399 1230 1412 ‘

79 1495 188 1559 datum
197 1499 317 1576 signum
331 1498 458 1568 ematis,
470 1494 904 1558 etexinsidiisconcurrerent
929 1498 970 1557 ita
981 1512 1051 1575 por·

89 1586 134 1640 tae
140 1589 313 1661 occupatae,
327 1580 441 1660 triaque
448 1580 555 1660 oppida
562 1579 664 1642 eadem
676 1580 751 1642 hora
759 1579 922 1660 eodemque
928 1578 1051 1641 consido

89 1661 1079 1827 uirrtdmttuittuttteuntuct⁹

92 1829 269 1895 deiectionis
276 1832 408 1900 crimine,
416 1832 806 1912 perindcacsiinternecirc
814 1830 892 1892 heito
900 1839 1049 1893 remanet.

150 1915 253 1979 XXVL
278 1914 390 1977 Eodem
414 1931 492 1976 anne
518 1914 635 1996 prodito
656 1915 790 1976 hostibus
808 1914 941 1977 Romane
964 1922 1077 1993 prae-t

91 1997 164 2060 sidio
178 2000 305 2062 Luceria
320 1999 494 2060 Samnitium
516 1999 602 2060 iacta.
636 2016 693 2059 nec
713 1998 763 2059 diu
786 1997 986 2078 proditoribus
1004 1998 1050 2058 in·

91 2084 191 2156 penna
203 2101 254 2144 res
267 2083 330 2143 init.
361 2082 439 2143 haud
454 2080 558 2162 procui
571 2082 641 2143 inde
653 2083 800 2143 exercitus
810 2080 958 2141 Romanus
970 2087 1049 2149 creir
1062 2089 1079 2138 2

93 2165 173 2226 cuius
197 2168 294 2248 primo
315 2167 426 2245 impetu
443 2165 516 2227 urbs
530 2168 585 2227 sita
604 2166 635 2225 in
655 2163 743 2244 piano
758 2163 880 2242 capitur.
913 2164 1052 2224 Lucerini

93 2263 126 2308 ao
140 2250 289 2314 Samnites
305 2249 341 2310 ad
357 2250 591 2310 internecionem
606 2248 700 2318 caesi,
723 2263 818 2325 eoque
836 2246 880 2306 ira
897 2247 1078 2325 processittt

92 2338 124 2390 ut
142 2333 256 2396 Romae
282 2351 415 2413 quoque,
444 2350 512 2394 eum
531 2330 568 2393 de
588 2330 701 2393 colonis
724 2328 875 2392 mitonds
896 2328 1050 2389 Luceriam

94 2418 298 2480 consuleretur
320 2423 454 2487 senatus,
477 2414 562 2477 multi
584 2413 738 2476 delendam
758 2412 864 2475 arbem
883 2420 1050 2476 censerent.

94 2511 212 2574 praeter
227 2500 341 2570 odium,
355 2500 435 2579 quod
448 2498 612 2561 execrabile
624 2500 657 2560 in
670 2498 718 2560 bis
729 2505 830 2577 captos
844 2504 924 2568 erat,
936 2494 1079 2574 langiu-t

95 2585 189 2660 ntitas
200 2601 316 2666 queque
333 2584 496 2645 abhorrere
513 2603 530 2646 a
543 2582 710 2663 relegandis
726 2590 786 2644 tam
801 2581 905 2663 procul
915 2580 953 2642 ab
965 2580 1052 2643 domo

96 2667 206 2732 civibus
223 2671 301 2729 inter
311 2676 372 2729 tam
380 2668 502 2730 iniestas
514 2675 617 2747 gentes
629 2666 762 2747 cogebat
793 2667 861 2728 vicit
874 2674 972 2729 tamen
985 2675 1080 2727 sen-o

95 2755 199 2825 tentia,
210 2760 245 2813 ut
256 2753 445 2814 mitterentur
457 2750 562 2813 coloni.
592 2752 650 2814 duo
661 2750 741 2812 milia
754 2760 783 2812 et
792 2753 944 2832 quingenti
960 2752 1051 2811 missi.

153 2835 266 2899 Eodem
280 2853 374 2907 anno,
396 2854 461 2896 cum
482 2838 580 2897 omnia
597 2836 686 2897 iniida
705 2835 843 2896 Romame
860 2842 976 2905 essent,
997 2834 1052 2895 ca·

95 2933 169 2993 puae
184 2937 301 3000 quoque
316 2917 449 2981 oeeultae
464 2919 630 2999 principum
649 2919 867 2979 coniurationes
883 2918 987 2977 iactae.
1016 2915 1080 2974 deo

97 3000 281 3079 quibuscum
297 3001 335 3063 ad
355 3010 488 3064 senatum
505 3002 630 3065 relatum
645 3007 737 3072 esset,
758 2999 982 3078 haudquaquam
1000 3015 1052 3058 ne·

97 3084 190 3161 alceta
200 3104 265 3148 res:
277 3088 463 3167 quaestiones
475 3086 620 3159 decretae,
633 3086 864 3163 dictatoremque
875 3081 1052 3161 quaestioni·

97 3164 149 3231 hus
161 3170 334 3233 exercendis
352 3171 409 3231 dici
427 3170 546 3250 placuit.
577 3172 608 3233 C.
620 3170 752 3233 Maenius
768 3166 877 3235 dictum
890 3167 917 3226 is
931 3165 970 3226 ii.
982 3164 1079 3226 Fas-7

98 3247 166 3317 iium
186 3257 359 3334 magistrum
381 3256 511 3334 equitum
533 3254 614 3314 dixit
652 3254 759 3330 ingens
779 3259 842 3312 erat
866 3250 1054 3327 magistratus

99 3337 158 3400 eius
177 3347 286 3401 terror.
312 3340 411 3419 itaque
433 3338 494 3397 sive
513 3339 603 3397 timer
624 3353 676 3396 seu
699 3335 896 3396 conscientIae
912 3334 955 3394 vis
973 3331 1054 3394 Caia-

99 3420 157 3484 vios
173 3423 276 3485 Ovium
294 3422 534 3501 Noviumque-
551 3420 696 3500 cacapite
713 3419 923 3479 coniurationis
937 3417 1052 3479 inerant

101 3535 148 3576 -‚
160 3509 331 3587 priusquam
345 3507 570 3568 nominarentur
584 3505 659 3586 apud
676 3502 862 3575 dictatorcm,
878 3520 959 3565 mors
975 3501 1053 3564 haud
