2575 4067
221 240 282 306 112
400 253 494 297 11111
507 251 633 297 11111.
650 239 694 292 17.
709 239 751 292 18.
770 227 808 313 [a.
824 254 856 297 11.
871 253 898 294 1.
911 232 973 315 4³5]

220 403 315 472 brant,
327 399 397 480 quid
408 400 466 460 nisi
475 397 565 477 longa
574 402 640 472 rita,
654 399 876 475 sicutlllagnum
890 398 977 460 modo
988 398 1173 480 Pompeium,

190 487 344 548 trertenti
363 483 498 565 praebuit
525 484 678 546 fortunae?
714 498 885 544 recenseam
905 480 995 544 duces
1015 482 1173 559 Romanos,

218 588 275 631 uec
289 586 391 629 omues
412 568 543 628 omnium
564 569 717 638 aetatium,
741 565 794 628 sed
812 566 891 645 ipsos
905 582 971 636 eos,
987 583 1054 628 cum
1069 566 1174 646 quihus
1207 581 1211 592 ·

127 669 131 672 ·
192 651 387 716 tconsulihus
403 658 453 712 aut
469 650 660 713 dictatoribus
674 647 839 712 Alexandro
857 648 912 711 iuit
925 647 1112 719 bellandum,
1133 651 1172 712 Μ.

218 736 365 800 Valerium
377 735 518 806 Corvum,
533 735 565 798 C.
578 735 721 795 Marcium
735 731 880 804 Rutilum,
896 733 928 795 c.
944 732 1123 813 Sulpicium,
1136 732 1173 795 Τ.

217 819 357 884 Manlium
368 818 564 898 Torquatum,
580 819 614 890 Q.
626 816 784 879 Publilium
798 815 964 887 Philonem,
979 817 1012 879 L.
1024 816 1174 896 Papirium

219 907 390 973 Cursorem,
406 902 441 973 Ο.
452 901 575 963 Fabium
589 902 763 972 Maximum,
779 902 852 962 duos
867 899 989 972 llecios,
1005 900 1038 961 L.
1055 899 1173 962 Volum-

191 992 315 1060 unium,
341 986 389 1049 Μ’.
412 985 551 1048 Curiumt
573 985 712 1064 deinceps
732 985 868 1062 ingentes
890 991 1033 1045 secuntur
1052 985 1126 1055 rirl,
1149 986 1174 1045 si

217 1069 500 1133 Punicumltomano
510 1065 840 1148 praevertissethellum
850 1066 1173 1147 seniorqueinltaliam

178 1165 210 1218 10
219 1156 389 1216 traiecisset.
428 1152 534 1214 horum
557 1153 588 1212 in
603 1150 734 1231 quolibet
749 1169 817 1214 oum
830 1149 945 1211 indoles
960 1149 1081 1223 1111111,
1097 1168 1173 1229 qrrae

217 1236 512 1311 instauraremus
528 1237 617 1297 animi
627 1236 811 1315 ingeniique,
827 1242 890 1296 11111
902 1231 1057 1315 disciplina
1066 1234 1173 1295 milita*

217 1324 259 1383 ris
280 1323 339 1382 iam
361 1320 431 1381 iude
452 1318 488 1380 ah
510 1321 601 1381 initiis
621 1319 704 1382 urhis
723 1318 831 1380 tradita
851 1335 905 1398 per
926 1334 1033 1379 manus
1055 1320 1087 1378 in
1103 1319 1174 1379 artis

178 1411 207 1464 11
219 1406 369 1486 perpetuis
383 1406 549 1483 praeceptis
564 1402 716 1463 ordinatae
736 1400 856 1463 modum
874 1410 1002 1462 venerat.
1032 1401 1073 1461 ita
1087 1417 1173 1478 reges

218 1494 370 1568 gesserant
383 1486 473 1556 heila,
494 1488 535 1547 ita
556 1486 661 1548 deinde
678 1493 830 1546 exactores
845 1483 948 1563 regum
963 1484 1039 1545 lunii
1052 1481 1173 1545 Valerii·

218 1590 284 1652 que,
297 1573 338 1632 ita
355 1568 494 1647 deinceps
508 1568 592 1631 Fahii
606 1568 734 1639 Quinctii
743 1567 881 1638 Cornelii,
897 1569 937 1628 ita
949 1567 1056 1628 Furius
1067 1566 1172 1629 Camil·

218 1654 278 1723 lus,
294 1669 383 1732 quem
396 1653 516 1713 iuvenes
530 1654 565 1722 ii,
588 1650 774 1731 quibuscum
791 1649 958 1713 Alexandro
973 1650 1173 1711 diuricandum

178 1744 209 1796 11
220 1743 297 1806 erat,
318 1751 419 1796 senem
439 1734 582 1796 riderent.
611 1733 747 1796 militaria
762 1752 853 1813 opera
872 1733 1031 1814 pugnando
1052 1732 1174 1795 obeunti

217 1818 384 1881 Alexandro
406 1850 449 1864 -
467 1835 536 1878 nam
558 1836 592 1879 ea
617 1835 733 1896 quoque
754 1817 832 1879 haud
854 1820 951 1878 minus
972 1816 1085 1878 clarum
1106 1834 1174 1878 111111
1212 1828 1218 1838 “

218 1904 329 1964 iaciunt
349 1935 392 1946 —
408 1903 542 1963 cessisset
561 1900 697 1961 videlicet
721 1901 759 1980 in
772 1903 836 1962 acle
851 1899 965 1965 oblatus
979 1917 1034 1979 par
1049 1898 1175 1962 Manlius

218 1987 386 2065 Torquatus
400 1993 450 2047 aut
461 1984 592 2046 Valerius
605 1984 729 2054 Corvus,
743 1986 875 2062 insignes
886 1992 954 2045 ante
964 1983 1072 2043 milites
1084 2001 1174 2062 quam

177 2075 209 2130 ta
220 2070 318 2140 duces,
335 2070 490 2130 cessissent
512 2067 593 2129 llecii
605 2067 717 2129 devotis
730 2066 904 2147 corporibus
914 2069 945 2126 in
959 2067 1074 2127 hostem
1084 2082 1175 2127 ruen-

217 2161 278 2225 tes,
302 2155 438 2214 cessisset
457 2151 591 2232 Papirius
616 2151 725 2213 Gursor
746 2150 796 2211 illo
821 2152 954 2230 corporis
972 2149 1101 2222 robore,
1122 2147 1175 2209 ille

177 2238 324 2300 itanimi!
360 2238 452 2299 rictus
474 2246 551 2297 esset
570 2234 699 2296 consiliis
716 2234 830 2295 iuvenis
852 2236 952 2304 unius,
978 2252 1016 2294 ne
1043 2231 1176 2308 singulos

218 2324 383 2392 nominem,
396 2328 514 2381 senatus
525 2317 589 2388 ille,
602 2336 690 2397 quern
702 2319 798 2398 quiex
809 2317 931 2396 regibus
942 2324 1079 2378 constare
1090 2315 1175 2386 dixit,

177 2410 210 2462 tt
220 2424 296 2466 unus
310 2422 410 2465 reram
432 2404 560 2483 speciem
575 2402 700 2463 Romani
714 2409 832 2462 senatus
857 2402 950 2481 cepitl
977 2399 1009 2460 id
1023 2417 1092 2460 vero
1111 2405 1178 2459 erat

217 2485 397 2567 periculum,
413 2502 452 2546 ne
468 2484 616 2546 sollertius
631 2503 720 2564 quam
742 2483 865 2564 quilibet
881 2502 957 2546 unus
972 2502 1010 2544 ex
1026 2482 1087 2553 his,
1102 2498 1178 2560 quos

218 2570 382 2639 nominari,
409 2569 514 2629 castris
534 2567 631 2628 locum
648 2576 781 2647 caperet,
808 2575 989 2629 commeatus
1015 2564 1177 2644 expediret,

216 2647 253 2709 ah
275 2650 391 2709 insidiis
405 2657 608 2727 praecaveret,
631 2657 748 2727 tempus
770 2666 886 2726 pugnae
901 2650 1055 2727 deligeret,
1079 2648 1175 2710 aciem

176 2742 207 2791 16
216 2733 388 2802 instrueret,
411 2732 546 2792 subsidiis
560 2733 702 2795 firmaret.
732 2750 793 2794 non
816 2752 882 2795 cunr
902 2731 997 2794 Dareo
1019 2750 1084 2793 rem
1106 2750 1175 2794 esse

217 2816 347 2891 dixisset,
368 2833 458 2895 quem
473 2815 629 2877 mulierum
645 2835 680 2878 ac
694 2818 858 2898 spadonum
873 2832 978 2892 agmen
993 2814 1172 2884 trahentem,

215 2902 293 2961 inter
313 2916 475 2980 purpuram
496 2906 583 2978 atque
605 2919 727 2974 aurum,
751 2908 904 2961 oneratum
925 2900 1061 2961 fortunae
1083 2916 1174 2978 appa·

215 2984 329 3046 ratibus
349 3002 435 3055 suae,
457 2983 598 3064 praedam
619 2988 719 3046 verius
740 3000 829 3065 quam
843 2983 976 3056 hostem,
997 2982 1071 3043 nihil
1090 2981 1175 3043 aliud

217 3086 304 3148 quam
325 3068 402 3129 hene
423 3086 510 3129 ausus
531 3085 604 3129 rana
627 3075 833 3145 contemnere,
860 3071 1032 3134 incruentus
1054 3066 1175 3129 devicit.

177 3162 207 3211 1⁷
218 3153 306 3231 longe
332 3153 407 3214 alius
432 3151 532 3213 ltaliae
559 3168 647 3230 quam
669 3151 784 3224 ludiae,
812 3170 867 3232 per
894 3170 982 3232 quam
1010 3151 1175 3212 temulento

216 3239 333 3315 agmine
361 3234 587 3297 comisabundus
607 3237 743 3315 incessit,
771 3238 852 3300 risus
873 3235 916 3297 illi
941 3234 1059 3297 habitus
1081 3240 1171 3309 esset,

196 3318 310 3381 'saltus
331 3319 452 3400 Apuliae
480 3338 515 3382 ac
536 3329 652 3382 montes
678 3321 812 3384 Lucanos
838 3323 971 3384 cernenti
998 3327 1028 3383 11
1052 3318 1175 3397 vcsugia

216 3403 346 3463 recentia
376 3404 553 3467 domest-icae
580 3404 686 3475 cladis,
715 3406 767 3468 uhi
795 3403 955 3467 avunculus
983 3406 1046 3465 eius
1074 3417 1175 3481 nuper

193 3494 206 3545 l
220 3484 302 3565 Epiri
316 3504 369 3546 rex
381 3486 544 3551 Alexander
558 3488 731 3569 absumptus
747 3498 818 3553 erat.
849 3488 948 3551 XVlll.
972 3487 1008 3549 llt
1022 3486 1172 3571 loquimur
