2575 4067
279 234 476 280 smnaxxm.
498 213 801 300 oss.1.[ac.no]
957 214 1021 280 319

65 399 169 441 senatus
182 402 215 437 ex
227 386 338 448 equestri
351 384 441 434 ordine
452 383 601 434 hominibus
613 385 856 450 cxcvrrsuppletus
866 397 912 438 ast.
932 387 961 444 L.
971 389 1019 441 Po-

65 457 174 507 stumius
187 462 289 519 praetor
300 466 317 500 a
328 449 406 501 Gallis
418 466 477 500 oum
489 451 601 499 exercitu
613 465 703 501 caesus
716 461 764 504 est.
782 451 829 503 Cn.
841 464 866 503 et
876 453 904 503 P.
917 453 1019 521 Scipio·

64 537 110 572 nes
123 523 149 570 in
162 517 287 585 Hispania
298 516 483 568 Hasdrubalem
492 518 607 566 vicerunt
619 527 644 566 et
652 516 803 582 Hispaniam
815 535 888 570 suam
897 520 1018 573 lecerunt.

65 588 185 650 reliquiae
197 587 341 637 Cannensis
354 585 481 634 exercitus
496 584 522 632 in
532 582 645 633 Siciliam
655 584 782 649 relegatae
792 597 862 652 sunt,
875 603 907 637 ne
919 589 1020 639 receda-

64 666 120 705 rent
132 654 191 704 inde
203 656 255 704 nisi
267 653 340 701 linito
352 652 427 701 bello.
450 650 618 716 Sempronius
632 650 761 703 Gracchus
772 654 862 704 consul
875 651 935 705 Cam
956 670 1019 710 anos

64 722 162 775 cecidit.
185 720 305 771 Claudius
318 718 451 767 Marcellus
463 728 564 783 praetor
575 717 725 769 Hannibalis
738 722 877 770 exercitum
888 722 921 772 ad
929 670 1019 772 Nolam

64 789 162 856 proelio
174 788 242 838 ludit
253 796 278 837 et
287 786 357 849 vicit,
369 786 520 852 primusque
532 794 569 834 tot
580 784 695 835 cladibus
707 784 783 838 lassis
795 787 919 839 Romanis
930 789 1020 839 melio-

63 853 271 973 titttttii
278 853 366 970 lili
379 851 914 985 'itt‘iiitttt‘tittittltttttt,t
922 855 1020 973 itti:

65 999 89 1039 et
101 990 147 1040 Ca.
160 987 331 1051 Scipionibus,
347 989 374 1037 t‘a
385 987 509 1037 Sannina
519 1002 537 1036 a
548 986 577 1039 T.
589 986 683 1037 Manlio
696 997 810 1052 praetore
822 989 944 1040 adversus
955 989 1021 1040 Poe-

65 1071 112 1107 nos
125 1071 166 1106 res
178 1065 265 1119 gestas
277 1056 400 1115 continet,
414 1070 429 1103 a
441 1054 534 1115 quibus
546 1053 690 1106 Hasdrubal
702 1055 756 1104 dux
768 1065 792 1105 et
803 1056 879 1121 Mago
892 1066 917 1106 et
927 1057 1020 1107 Hanno

64 1125 141 1188 capti.
165 1122 290 1172 exercitus
306 1121 456 1171 Hannibalis
474 1136 520 1186 per
536 1120 641 1171 hiberna
655 1123 691 1172 ita
702 1121 845 1173 luxuriatus
859 1131 910 1186 est,
924 1134 952 1173 ut
963 1139 1019 1174 cor-

65 1191 134 1255 poris
145 1189 275 1250 animique
285 1188 380 1238 viribus
392 1197 561 1241 enervaretur.

132 1457 211 1518 'l'l'l'l
233 1456 308 1517 LlVl
329 1455 377 1517 ΑΒ
401 1454 501 1517 URBE
524 1454 689 1518 CONDITA
709 1456 823 1519 LIBER
845 1456 951 1523 XXlll.

132 1626 156 1685 1.
179 1623 325 1696 Hannibal
340 1632 408 1703 post
417 1624 602 1685 Cannensem
612 1642 750 1704 pugnam,
765 1633 927 1702 conseque
937 1632 1043 1707 captat

66 1730 97 1772 sc
113 1709 231 1787 direpta
246 1708 401 1768 confestim
412 1725 448 1767 ex
459 1708 563 1786 Apulia
577 1710 610 1768 in
622 1707 775 1772 Samnium
785 1720 927 1781 moverat,
943 1713 1021 1773 acci·

65 1801 111 1856 tus
133 1794 164 1852 in
184 1791 326 1870 Hirpinos
347 1809 363 1851 a
386 1790 479 1851 Statio
501 1790 620 1860 Trebio,
641 1792 799 1870 pollicente
819 1812 850 1855 se
866 1795 1021 1875 Compsam

66 1875 256 1940 traditurum.
302 1876 484 1953 Compsanus
498 1882 563 1933 erat
577 1873 705 1935 Trebius
719 1875 828 1937 nobilis
842 1881 920 1939 inter
935 1898 1020 1951 snos;

67 1960 121 2022 sed
133 1957 288 2039 premebat
302 1975 371 2018 eum
381 1956 563 2037 Mopsiorum
574 1958 673 2027 tactio,
688 1958 818 2020 familiae
833 1979 887 2040 per
897 1964 1047 2039 gratiana

66 2045 268 2106 Romanorum
282 2044 422 2121 potentis.
450 2050 517 2121 post
530 2041 637 2100 lamam
654 2040 817 2103 Cannensis
831 2060 947 2119 pugnae
960 2046 1047 2106 vol-³

8 2124 15 2133 ’
65 2136 224 2206 gatumque
248 2124 340 2186 'l'rebi
361 2122 550 2187 sermonibus
577 2123 734 2186 adventum
760 2123 934 2188 Hannibalis
953 2144 1021 2188 oum

64 2212 210 2291 Mopsiani
225 2209 332 2270 urbem
347 2212 552 2278 excessissent,
569 2210 633 2268 sine
650 2210 811 2270 certamine
825 2207 933 2269 tradita
947 2207 1021 2270 urbs

65 2296 165 2358 Poeno
177 2293 419 2372 praesidiumque
429 2299 582 2371 acceptum
594 2298 649 2352 est.
666 2290 708 2352 ibi
720 2291 831 2371 praeda
843 2294 922 2351 omni
933 2298 1049 2371 atquet

64 2378 279 2459 inpedimentis
298 2375 413 2436 relictis
433 2377 566 2436 exercitu
585 2376 696 2454 partito
715 2375 869 2453 Magonem
888 2377 1023 2454 regionis

69 2464 136 2523 eins
150 2458 242 2519 urbes
257 2466 306 2520 aut
322 2459 486 2519 deficientis
501 2457 538 2517 ab
553 2457 694 2520 Romanis
708 2461 843 2538 accipere
858 2467 908 2520 aut
923 2460 1021 2521 detre-

66 2544 176 2606 ctantis
191 2560 297 2621 cogere
312 2542 349 2603 ad
361 2542 557 2603 delectionem
571 2541 665 2612 iubet,
681 2544 745 2621 ipse
757 2561 811 2622 per
823 2560 924 2622 agrum
936 2543 1048 2606 Cam-5

65 2646 176 2709 panum
196 2646 277 2689 mare
299 2629 428 2689 interum
447 2628 537 2706 petit,
560 2634 782 2706 oppugnaturus
798 2627 965 2707 Neapolim,
988 2637 1021 2688 ut

65 2710 173 2772 urbem
187 2713 367 2773 maritimam
380 2711 514 2774 baberet
543 2709 595 2771 ubi
610 2712 685 2772 flues
700 2711 959 2792 Neapolitanorum
974 2714 1048 2773 ino

66 2796 171 2864 travit,
193 2794 335 2856 Numidas
350 2798 457 2874 partim
472 2798 504 2855 in
519 2795 639 2855 insidiis
654 2828 696 2841 -
714 2803 744 2855 et
758 2796 916 2874 pleraeque
931 2812 1019 2855 cavae

67 2885 138 2939 sunt
156 2879 220 2936 viae
241 2880 383 2956 sinusque
403 2879 511 2939 occulti
525 2911 582 2947 -,
605 2894 789 2955 quacumque
810 2885 877 2955 apte
892 2883 1018 2956 poterat,

67 2960 222 3039 disposuit,
238 2961 312 3021 alios
321 2978 392 3039 prae
403 2979 435 3021 se
446 2969 540 3023 actam
552 2960 693 3040 praedam
706 2961 834 3036 onagris
846 2960 1020 3019 ostentantis

66 3043 242 3123 obequitare
257 3045 352 3123 portis
366 3046 465 3104 iussit.
487 3046 518 3104 in
533 3062 617 3122 quos,
633 3044 703 3122 qnia
715 3059 770 3103 nec
780 3042 865 3103 multi
877 3050 907 3102 et
916 3044 1047 3102 incon-7

67 3129 157 3207 positi
172 3125 362 3197 videbantur,
384 3145 451 3187 cum
471 3135 569 3188 turma
583 3129 714 3205 equitnm
730 3128 893 3204 erupisset,
915 3125 952 3185 ab
971 3142 1020 3185 ce-

68 3209 208 3272 dentibus
222 3210 354 3272 consulto
373 3217 468 3272 tracta
482 3212 514 3271 in
529 3209 653 3271 insidias
667 3212 867 3271 circumventa
884 3217 943 3279 est;
965 3214 1047 3269 nece

69 3296 209 3356 evasisset
228 3297 400 3375 quisquam,
422 3297 453 3355 ni
468 3312 550 3355 mare
565 3294 764 3374 propinquum
779 3301 810 3353 ct
823 3289 901 3354 haud
915 3291 1020 3372 procul

69 3377 155 3438 litore
181 3397 286 3450 naves,
319 3380 497 3459 piscatoriae
525 3378 696 3458 pleraeque,
713 3385 886 3454 conspectae
913 3378 1021 3456 peritis

70 3462 158 3523 nandi
171 3463 322 3525 dedissent
333 3464 483 3541 effugium.
505 3463 616 3543 aliquot
626 3469 724 3523 tamen
735 3479 772 3523 eo
780 3461 895 3544 proelio
905 3458 1047 3522 nobilest
