2575 4067
363 221 455 265 nmen
469 224 500 263 x.
516 220 584 264 oar.
599 208 643 265 ³6.
660 198 700 283 [a.
718 203 754 266 0.
770 201 831 285 294]
1017 206 1079 271 187

117 372 170 433 dos
187 389 254 439 eos,
277 371 328 450 qui
345 367 528 439 ceciderant,
551 367 635 430 etad
656 386 725 430 suos
746 368 872 430 tuendos
887 369 923 431 ab
938 367 1079 433 Romanis

115 471 291 537 procursum
307 459 361 515 est
395 450 465 513 inde
484 451 604 533 paulum
624 453 744 514 inritata
761 461 934 530 pugnacem
955 453 1007 515 sed
1022 453 1105 517 aii-e

116 545 226 621 quanto
247 546 277 598 et
290 537 408 616 ianqre
424 537 518 613 magis
533 544 564 597 et
577 535 678 616 piures
693 544 906 614 procurrerant
919 537 1075 609 Samnites,

116 631 146 682 et
164 621 299 682 turbatus
316 637 406 699 eques
418 636 470 680 sua
487 620 550 699 ipse
576 618 707 681 subsidia
723 620 834 680 territis
857 621 941 699 equis
956 619 1074 700 procui·

117 707 201 766 cavit.
241 703 312 765 hinc
332 702 402 781 iuga
429 710 534 782 coepta
552 711 643 765 totam
663 704 768 764 avertit
788 703 1076 774 aciemiiomanam,

117 790 235 867 iamque
247 788 278 849 in
291 795 375 864 terga
389 785 565 865 fugientium
578 786 724 848 Samnites
735 785 914 866 pugnabant,
928 805 995 848 cum
1007 793 1106 848 con-o

115 872 162 934 sul
176 889 251 950 equo
262 867 435 951 praevectus
449 868 485 930 ad
496 878 612 950 portam
626 877 799 941 castrorum,
812 888 846 932 ac
856 871 982 932 statione
996 871 1077 950 cqui-

116 963 179 1016 tum
193 953 235 1014 ibi
250 954 384 1033 opposita
402 953 572 1033 edictoque,
593 961 627 1014 ut
640 956 817 1035 quicumque
838 954 876 1016 ad
890 952 998 1016 vallum
1013 962 1105 1014 ten-7

116 1039 217 1107 deret,
244 1038 304 1098 sive
328 1035 377 1098 iile
397 1036 547 1099 Romanus
576 1038 635 1099 sire
658 1038 774 1099 Samnis
797 1048 889 1108 esset,
910 1055 965 1118 pro
993 1039 1077 1098 hoste

116 1118 275 1191 inherent,
297 1121 370 1182 haec
390 1122 454 1200 ipse
473 1122 613 1182 miniteris
639 1120 754 1182 obstitit
779 1121 870 1182 effuse
890 1120 1078 1182 tendentibus

116 1205 177 1264 suis
191 1204 222 1263 in
239 1212 343 1265 castra.
374 1222 457 1284 „quo
471 1206 597 1283 pergis“
617 1206 726 1284 inquit,
745 1203 873 1275 „milesi
887 1212 917 1266 et
929 1204 979 1266 hic
996 1211 1106 1267 mmet

116 1296 147 1351 et
162 1288 241 1349 viros
255 1288 399 1358 iuvenies,
423 1305 479 1349 nec
494 1289 559 1348 rivo
574 1287 696 1349 consule
715 1297 766 1350 tuo
789 1290 846 1350 nisi
868 1290 959 1349 victor
981 1295 1077 1349 castra

115 1370 256 1433 intrabis:
274 1370 401 1451 proinde
412 1371 497 1450 elige,
514 1390 582 1433 cum
597 1372 660 1433 cire
671 1389 710 1433 an
721 1372 807 1433 hoste
817 1389 951 1452 pugnare
962 1371 1078 1433 malis.‘⁴

116 1456 189 1517 haec
203 1454 321 1516 dicente
333 1453 454 1516 consule
466 1457 579 1535 equites
591 1455 706 1517 infestis
716 1454 887 1536 cuspIdibus
898 1455 1106 1518 cucumim-9

117 1539 227 1600 duntur
241 1556 276 1600 ac
296 1538 426 1618 peditem
448 1540 623 1619 impugnem
642 1539 744 1601 redire
757 1538 869 1601 iubent.
910 1557 971 1601 non
986 1541 1079 1602 urens

116 1620 211 1683 solum
227 1621 397 1692 consulem,
421 1622 474 1684 sed
491 1623 554 1684 iore
568 1625 657 1685 etiam
676 1623 800 1695 adiuvit,
827 1623 907 1703 quod
920 1641 980 1684 non
994 1624 1076 1685 iusti·

116 1713 217 1767 terunt
234 1706 392 1776 Samnites,
415 1709 600 1787 spatiumque
621 1707 842 1786 cucumagendi
861 1709 945 1786 signa
960 1714 1076 1769 verten-

119 1789 206 1868 dique
222 1789 345 1850 aciemn
362 1792 466 1851 castris
486 1791 518 1851 in
537 1790 653 1852 hostem
672 1790 736 1852 iuit.
774 1798 837 1852 tum
856 1790 906 1852 aiii
920 1790 992 1852 alios
1007 1790 1076 1852 hor·
1087 1797 1120 1850 io

117 1874 187 1943 tari,
218 1880 251 1933 ut
279 1880 449 1952 repeterent
474 1890 619 1954 pugnam3
655 1877 842 1935 centuriones
867 1873 903 1935 ab
929 1875 1078 1954 signiferis

117 1966 199 2039 rapta
216 1958 300 2035 signa
316 1957 429 2017 inierre
447 1964 476 2017 et
491 1955 647 2018 ostendere
661 1959 736 2027 suis,
752 1975 862 2036 paucos
880 1964 910 2018 et
924 1957 1077 2020 ordinibus

116 2042 308 2121 inconpositis
319 2040 411 2102 eiiusc
424 2041 527 2101 venire
540 2040 649 2102 hostes.
676 2042 754 2100 inter
765 2041 839 2101 haec
854 2038 958 2101 consul
970 2058 1076 2102 manus
1087 2047 1119 2100 11

115 2123 153 2184 ad
171 2124 287 2185 caelum
309 2123 446 2184 attollens
461 2141 534 2185 voce
549 2122 645 2193 clara,
671 2124 711 2183 ita
731 2132 765 2183 ut
779 2122 983 2194 exaudiretur,
1002 2133 1077 2184 tem·

116 2206 198 2285 pium
220 2208 281 2268 lovi
301 2207 412 2269 Statori
434 2214 532 2277 vovet,
565 2206 591 2268 si
613 2207 793 2268 constitisset
814 2224 831 2267 a
855 2206 924 2284 iuga
944 2206 1077 2267 Romana

116 2292 194 2351 acies
209 2290 469 2372 redintegratoque
482 2289 596 2372 proelio
622 2289 778 2351 cecidisset
791 2291 967 2368 vicissetque
982 2286 1074 2366 legio·

116 2391 170 2435 nes
190 2374 376 2437 Samnitium.
413 2393 517 2437 omnes
538 2373 669 2454 undique
688 2372 784 2435 adnisi
806 2373 843 2434 ad
863 2370 1074 2435 restituendam
1087 2378 1119 2430 12

116 2475 259 2537 pugnarn,
277 2459 367 2521 duces
387 2459 503 2530 milites,
520 2456 653 2538 peditum
675 2459 866 2538 equitumque
882 2458 935 2518 vis.
966 2473 1076 2518 numen

117 2543 205 2603 etiam
229 2543 352 2604 deorum
372 2545 537 2622 respexisse
559 2559 669 2603 nomen
683 2541 849 2604 Romanum
866 2542 975 2603 vnum:
1002 2540 1075 2602 adeo

115 2624 200 2686 facile
213 2626 353 2708 inclinata
367 2645 430 2698 res,
444 2626 612 2707 repulsique
624 2645 641 2687 a
656 2628 760 2688 castris
771 2627 887 2698 hostes,
903 2644 972 2688 mox
988 2627 1076 2688 etiam

116 2709 229 2769 redacti
246 2709 366 2780 adeum
383 2710 496 2782 mcum,
520 2713 551 2771 in
567 2728 625 2788 quo
640 2712 796 2772 commissa
809 2728 908 2791 pugna
929 2718 1002 2771 erat.
1032 2707 1074 2770 ibi
1086 2713 1118 2767 lt

117 2790 271 2852 obiacente
277 2795 460 2854 sarcinarum
468 2792 594 2861 cumulo,
608 2811 681 2871 quas
692 2795 881 2856 coniecerant
890 2796 923 2855 in
934 2793 1074 2860 medium,

117 2871 242 2932 haesere
254 2874 393 2952 inpediti:
416 2876 537 2948 deinde,
556 2894 594 2938 ne
612 2875 813 2954 diriperentur
828 2895 893 2944 res,
909 2873 1014 2936 orbem
1028 2880 1091 2932 ar·'

116 2960 265 3015 matorum
272 2957 395 3017 sarcinis
408 2960 600 3021 circumdant.
620 2965 684 3020 tum
694 2975 765 3019 vero
778 2976 829 3019 eos
839 2959 960 3020 aironte
966 2971 1074 3033 urgere
1087 2962 1119 3013 14

116 3036 246 3119 pedites,
264 3038 300 3100 ab
315 3045 400 3117 tergo
416 3042 605 3103 circumvecti
619 3043 748 3119 equites:
776 3042 817 3103 ita
831 3042 863 3102 in
882 3040 982 3102 medio
995 3038 1075 3099 eaesi

116 3123 261 3202 captique.
285 3124 793 3203 captivorumnumerusiuitseptem
804 3124 1075 3199 miliumoctingen·

115 3214 223 3278 torum,
237 3208 288 3287 qui
299 3224 403 3268 omnes
410 3205 482 3267 nudi
493 3206 546 3267 sub
558 3208 659 3284 iugum
672 3208 767 3276 missi;
780 3226 882 3270 caesos
887 3205 1029 3269 rettulere
1036 3203 1074 3265 ad

116 3297 254 3367 quattuor
261 3291 342 3354 milia
354 3291 548 3370 octingentos.
569 3307 606 3350 ne
613 3288 754 3351 Romanis
767 3291 886 3369 quidem
898 3291 973 3352 laeta
984 3290 1074 3350 victo·

116 3373 159 3433 ria
171 3375 240 3438 fuit:
256 3382 432 3438 recensente
439 3374 559 3436 consule
567 3372 659 3434 biduo
665 3380 815 3452 acceptam
827 3374 941 3436 cladem
952 3374 1072 3436 amisso·
1084 3379 1117 3431 15

116 3472 181 3517 rum
190 3456 1072 3540 miiitumnumerusrelatusseptemmiliumoctingentorum.
