2575 4067
238 233 343 275 nurus
356 233 413 276 vn.
436 232 504 275 cir.
522 221 564 272 39.
579 221 623 274 40.
642 211 682 293 [a.
699 214 734 275 0.
749 220 806 272 ³4³.
821 210 884 295 342]
1005 220 1047 281 43

74 382 159 462 plicia
178 383 391 462 inpotensque
414 390 444 441 et
462 378 581 442 crudele
601 378 755 442 consulum
777 398 811 440 ac
833 388 950 459 patrum
967 381 999 441 in
1015 400 1047 442 se

18 529 20 532 ,
73 482 201 544 regnum
216 482 378 545 passuros.
411 464 485 526 haec
506 465 557 545 qui
576 465 609 524 in
624 466 728 525 castris
743 472 827 525 erant
846 463 968 527 occultis
983 472 1079 527 ser-u

73 549 215 612 monibus
238 556 364 620 serunt,
387 567 493 610 nervos
515 549 725 609 condurationis
746 556 877 609 exsectos
893 557 957 610 arte
975 567 1046 610 con·

18 671 19 674 =
73 632 142 694 ruiis
165 640 349 694 cernentes.
384 632 491 694 cohors
520 650 578 693 una
604 650 673 693 curn
697 631 776 693 baud
799 630 904 712 procul
927 634 1077 694 inroret

73 726 165 788 esset,
191 716 234 777 ad
255 715 400 778 Lautulas
426 714 502 778 saitu
524 723 647 795 angusto
675 717 754 777 inter
775 733 913 776 marcac
938 717 1046 777 montis

74 799 212 861 consedit
227 800 271 861 ad
291 799 477 881 excipiendos
492 818 565 880 quos
584 799 687 861 consul
704 798 783 871 aliis,
805 807 839 860 ut
852 806 920 860 ante
936 798 1047 860 dictum

73 895 130 955 est,
150 884 259 945 causis
276 882 421 945 mittebat.
449 886 509 945 iam
525 881 618 945 valida
629 882 788 945 admodum
803 901 928 944 numero
942 892 1079 944 manure

74 977 153 1039 erat,
169 986 233 1029 nec
249 968 411 1048 quicquam
426 967 463 1028 ad
476 968 546 1029 iusti
562 968 708 1030 exercitus
722 967 849 1029 formam
862 975 981 1046 praeter
993 966 1046 1029 du·

74 1069 139 1112 cem
154 1051 281 1114 deerat.
313 1052 491 1132 inconpositi
502 1053 600 1132 itaque
613 1051 790 1132 praedantes
800 1052 833 1111 in
845 1069 949 1130 agrum
959 1049 1046 1111 Alba·

75 1152 146 1196 num
168 1136 375 1215 perveniunt,
397 1144 428 1196 et
447 1133 501 1196 sub
521 1137 590 1214 iugo
613 1134 704 1197 Albae
724 1134 830 1214 longae
853 1144 949 1197 castra
972 1133 1047 1196 rabo

76 1219 212 1297 cingunt.
248 1219 388 1300 perfecto
402 1218 471 1280 inde
486 1238 577 1300 opere
591 1217 740 1299 reliquum
750 1218 808 1279 diei
824 1218 860 1280 de
869 1219 1048 1299 imperatore
1061 1225 1078 1277 9

74 1303 225 1365 sumendo
244 1304 404 1364 sententiis
421 1302 587 1375 decertant,
608 1302 683 1364 nulii
703 1322 740 1365 ex
753 1302 958 1383 praesentibus
977 1304 1047 1363 satis

76 1384 221 1448 fidentes:
239 1405 334 1468 quem
349 1394 447 1448 autem
458 1385 495 1448 ab
504 1387 597 1449 Roma
607 1405 695 1467 posse
707 1388 815 1449 exciri!
827 1406 915 1468 quem
928 1395 1046 1467 patrum
1056 1393 1087 1445 ιο

76 1478 125 1529 aut
141 1468 247 1550 plebis
265 1488 347 1541 esse,
371 1472 422 1550 qui
441 1478 490 1532 aut
509 1489 541 1533 se
560 1478 643 1532 tanto
665 1469 797 1551 periculo
818 1472 915 1532 sciens
932 1472 1044 1541 oderat,

78 1561 127 1612 aut
138 1555 188 1615 oui
200 1574 241 1616 ex
252 1555 363 1615 iniuria
375 1555 546 1616 insanientis
557 1556 703 1616 exercitus
718 1574 805 1617 causa
818 1563 899 1617 recte
911 1556 1045 1616 commit·

77 1639 174 1697 tatur?
208 1647 337 1718 postero
365 1637 412 1699 die
436 1657 503 1700 cum
528 1638 630 1700 eadem
656 1638 828 1701 deliberatio
853 1646 982 1708 teneret,
1010 1646 1083 1700 exli

80 1720 314 1794 praedatoribus
323 1722 403 1800 vagis
413 1721 712 1802 quidamconpertum
723 1723 884 1785 attuierunt
894 1722 1044 1795 T.Quiuc·

80 1802 152 1863 tium
166 1807 201 1866 in
216 1804 388 1867 Tusculano
409 1824 512 1885 agrum
534 1805 647 1878 colere,
670 1806 753 1869 urbis
774 1807 978 1887 bonorumque
999 1807 1044 1866 in·

81 1902 260 1951 memorem.
292 1889 432 1969 patriciae
447 1889 495 1950 bic
511 1891 556 1950 vir
571 1892 668 1970 gentis
682 1899 762 1961 erat;
781 1893 910 1954 cuicum
924 1888 1086 1951 miiitia012

83 1981 275 2048 magnacum
288 1972 380 2052 gioria
396 1980 478 2035 actae
491 1974 580 2034 finem
590 1993 643 2054 pes
656 1974 730 2036 aiter
742 1993 778 2036 ex
788 1974 910 2037 vulnere
924 1973 1044 2036 claudus

82 2050 215 2128 iecisset,
232 2059 300 2119 ruri
312 2075 400 2136 agere
414 2058 502 2118 vitam
516 2056 621 2136 procul
636 2057 796 2120 ambitione
806 2077 842 2119 ac
855 2060 921 2120 foro
936 2058 1044 2119 consti·

84 2137 146 2197 tuit.
177 2143 305 2203 nomine
326 2140 424 2203 audito
444 2139 590 2219 extemplo
609 2159 754 2219 agnovere
776 2144 872 2203 virum
894 2150 938 2210 et,
964 2139 1043 2220 quod
1055 2148 1087 2199 1³

85 2212 159 2282 bene
173 2232 321 2295 verteret,
338 2225 427 2286 acciri
440 2226 598 2285 iussenmt.
632 2224 685 2286 sed
704 2242 810 2303 parum
831 2226 894 2303 spei
912 2231 976 2284 erat
995 2242 1045 2283 vo—

85 2295 195 2368 iuntate
213 2311 374 2389 quicquam
392 2308 556 2376 facturum
577 2309 636 2369 vim
656 2306 789 2369 adhiberi
805 2326 840 2369 ac
856 2313 967 2367 metum
982 2304 1043 2384 pla-

89 2387 153 2448 cuit.
189 2393 295 2473 itaque
314 2391 429 2453 silentio
449 2393 544 2453 noctis
566 2409 633 2453 cum
654 2399 765 2453 tectum
784 2391 867 2453 riliae
890 2390 941 2471 qui
960 2388 998 2450 ad
1012 2388 1042 2449 id
1056 2397 1086 2447 14

87 2470 167 2533 nissi
181 2485 272 2537 erant
286 2478 458 2548 intrassent,
481 2494 585 2537 somno
602 2494 721 2556 gravem
737 2476 905 2548 Quinctium
922 2491 1043 2555 oppres·

89 2566 165 2627 sum,
192 2560 269 2621 nihil
289 2559 433 2631 medium,
463 2570 513 2621 aut
533 2561 692 2640 imperium
711 2569 798 2642 atque
819 2560 963 2622 bonorem
984 2566 1042 2628 aut,

89 2633 139 2697 ubi
156 2646 322 2716 restitaret,
351 2651 491 2714 mortem,
514 2646 545 2704 ni
564 2653 752 2725 sequeretur,
772 2645 991 2713 denuntiantes,
1012 2644 1043 2702 in

93 2729 183 2784 eastra
194 2735 413 2806 pertraxenmt.
439 2728 600 2807 imperator
613 2727 760 2809 extempio
774 2728 931 2792 adveniens
941 2724 1040 2808 appel·
1054 2732 1085 2782 lb

92 2795 178 2878 latus,
198 2813 386 2891 insigniaque
406 2811 527 2873 honoris
546 2815 685 2873 exterrito
707 2812 820 2875 subitae
837 2814 883 2874 roi
902 2809 1043 2873 miraculo

95 2880 241 2966 deterunt,
275 2904 305 2956 et
325 2895 362 2957 ad
385 2894 489 2956 urbem
510 2895 618 2957 ducere
638 2895 749 2957 iubent.
789 2915 843 2959 suo
863 2898 957 2974 magis
976 2892 1086 2952 indelt

94 2963 200 3049 impetu
217 2997 307 3058 quam
318 2978 439 3040 consilio
455 2979 536 3040 ducis
548 2978 692 3041 convdsis
706 2981 798 3058 signis
807 2979 914 3040 infesto
928 2976 1043 3055 agmine

94 3050 129 3147 ad
147 3052 275 3136 lapidem
295 3074 429 3125 octavum
449 3064 527 3134 viae,
547 3082 623 3144 quae
643 3081 723 3126 nunc
743 3065 836 3144 Appia
856 3069 913 3131 est,
940 3077 1043 3139 perve-

97 3146 189 3212 munt;
211 3147 362 3227 issentque
377 3146 531 3208 confestim
552 3147 589 3209 ad
611 3147 732 3220 urbem,
762 3149 793 3209 ni
817 3146 918 3208 venire
938 3148 1084 3204 contrait

96 3226 251 3313 eqercitum
262 3230 492 3309 dictatoremque
503 3228 643 3293 adversus
657 3251 689 3291 se
704 3233 743 3293 bi.
755 3230 903 3292 Valerium
919 3228 1044 3290 Corvum

18 3325 19 3330 ¹
99 3297 201 3370 d1ctum
217 3314 366 3376 audissent
381 3323 410 3375 et
425 3314 598 3391 magistrum
620 3317 751 3393 equitum
765 3315 798 3376 L.
814 3312 969 3375 Aemilium
983 3311 1043 3372 bia·

99 3397 232 3458 mercum,

155 3472 214 3539 XL·
248 3482 303 3545 Ubi
323 3484 452 3563 primum
476 3482 507 3542 in
535 3492 725 3561 conspectum
749 3492 884 3551 ventum,
909 3489 940 3541 et
963 3484 1075 3542 armai
