2575 4067
318 250 414 293 urana
430 251 505 292 xxm.
522 250 591 292 car.
608 239 631 292 3.
650 242 675 293 4.
692 230 730 313 [a
749 233 782 296 0.
798 230 861 314 217]
1003 237 1065 301 263

107 403 207 462 omnia
223 417 257 460 ac
271 415 472 479 praepropere
486 403 628 459 acturum.
668 417 784 479 quoque
800 400 923 479 pronior
941 405 1020 460 esset
1033 399 1065 462 lu

109 484 175 544 titia
197 501 264 553 sua,
286 483 397 559 agitare
421 499 487 542 eum
517 488 603 559 atque
628 483 751 544 lnritare
772 483 890 544 Poenus
911 490 1009 562 parat,
1036 489 1092 544 eto

106 567 188 628 laeva
209 563 313 626 relicto
327 564 417 625 ‘hoste
438 562 576 625 Faesulas
599 573 705 643 petens
724 564 821 627 medio
842 565 977 628 Etruriae
992 583 1064 644 agro

106 648 280 731 praedatum
293 647 444 729 protectus
458 653 597 727 quantam
612 650 768 710 maximam
789 649 952 710 vastitatem
968 656 1065 727 potest

106 732 246 795 caedibus
260 729 462 811 incendiisque
478 728 591 791 consuli
606 731 710 811 procul
725 732 860 794 ostendit.
893 730 1091 802 licissimum

106 818 158 896 qui
172 834 211 877 ne
225 817 325 895 quieto
340 814 459 895 quidem
472 813 557 874 hoste
571 814 635 893 ipse
644 817 797 895 quieturus
813 822 891 886 erat,
908 822 971 875 tum
984 832 1063 885 vero,

106 907 262 981 postquam
274 917 322 960 res
334 899 482 959 sociorum
494 906 562 958 ante
574 897 675 960 oculos
685 917 779 979 prope
791 916 860 961 suos
875 898 947 959 terri
960 899 1065 979 agique

106 983 185 1052 uidit,
199 1000 284 1043 suum
294 980 324 1041 id
332 981 460 1042 dedecus
471 988 561 1052 ratus,
576 1000 631 1061 per
643 982 769 1044 mediam
781 984 840 1043 iam
846 980 959 1044 ltaIIam
966 983 1066 1060 vagari

105 1067 238 1129 Poenum
253 1073 340 1146 atque
352 1064 512 1127 obsistente
527 1064 607 1125 nullo
623 1066 659 1127 ad
672 1068 735 1146 ipsa
746 1065 878 1128 Romana
892 1066 1011 1128 moenia
1020 1066 1065 1126 ire

106 1149 319 1230 oppugnanda,
343 1150 449 1210 ceteris
471 1148 607 1210 omnibus
623 1150 654 1209 iu
672 1149 793 1210 consilio
818 1149 957 1212 salutaria
972 1150 1094 1228 magist

107 1252 194 1313 quam
216 1234 349 1315 speciosa
374 1230 578 1293 suadentibus:
605 1231 747 1312 collegam
776 1232 1006 1312 expectandum,
1032 1239 1065 1295 ut

107 1319 272 1378 coniunctis
293 1315 486 1387 exercitibus,
511 1318 661 1377 communi
682 1318 780 1378 animo
800 1315 982 1396 consilioque
999 1334 1064 1377 rem

55 1396 58 1402 ’
106 1409 257 1480 gererent,
287 1401 405 1461 interim
435 1401 564 1479 equitatu
591 1399 763 1481 auxiliisque
787 1399 895 1462 levium
914 1417 1065 1461 armorum

110 1484 144 1547 ab
164 1484 254 1546 effusa
273 1483 436 1564 praedandi
459 1482 576 1544 licentia
597 1484 714 1545 hostem
735 1482 950 1553 cohibendum,
973 1485 1093 1545 iratuse

105 1585 139 1629 se
154 1586 191 1629 ex
206 1567 328 1628 consilio
336 1568 496 1648 proripuit,
514 1568 689 1646 signumque
705 1566 791 1629 simul
806 1568 920 1629 itineris
934 1583 1065 1647 pugnae·

106 1669 164 1732 que
181 1669 248 1713 cum
262 1653 474 1729 propenderet,
497 1652 614 1722 „immo
628 1652 726 1712 Arreti
742 1658 810 1712 ante
831 1649 947 1713 moenia
962 1650 1063 1711 sedea·
1074 1657 1109 1711 lo

105 1742 200 1797 mus“
213 1736 322 1815 inquit,
339 1735 414 1805 „bic
426 1736 504 1795 enim
520 1735 615 1815 patria
629 1743 659 1796 et
673 1741 794 1815 penates
809 1742 887 1796 sunt.
918 1732 1064 1796 Hannibal

107 1819 229 1879 emissus
251 1836 268 1878 e
291 1816 425 1879 manibus
445 1817 657 1897 perpopuletur
678 1817 789 1880 ltaliam
816 1816 1014 1898 uastandoque
1036 1825 1065 1879 et

106 1901 220 1962 urendo
234 1903 331 1962 omnia
349 1902 386 1962 ad
399 1900 530 1962 Romana
544 1902 661 1961 moenia
675 1903 840 1979 perveniat,
856 1919 911 1962 nec
927 1909 994 1962 ante
1010 1918 1065 1963 nos

106 1984 176 2046 hinc
196 1986 388 2054 moverimus,
412 2002 514 2064 quam,
545 1985 622 2044 sicut
646 1982 716 2044 olim
739 1982 893 2046 Camillum
919 1982 955 2043 ab
976 1984 1063 2054 Veiis,

107 2069 137 2130 C.
153 2069 329 2131 Flaminium
352 2068 388 2129 ab
403 2068 520 2128 Arretio
540 2074 639 2146 patres
661 2068 850 2128 acciverint.“
883 2066 957 2126 baec
976 2065 1064 2128 simul
1075 2073 1105 2126 lt

105 2153 344 2232 inorepanacum
360 2151 441 2211 ocius
456 2151 538 2229 signa
553 2149 677 2211 convelli
688 2149 805 2210 iuberet
816 2155 846 2210 et
859 2149 963 2229 ipsein
979 2167 1065 2211 ecum

105 2235 280 2306 insiluisset,
297 2254 367 2296 ecus
383 2241 507 2314 repente
523 2235 639 2294 conruit
658 2232 868 2312 consulemque
883 2230 998 2311 lapsum
1014 2250 1063 2292 su·

104 2333 159 2398 per
175 2327 264 2399 caput
283 2318 394 2380 effudit.
421 2318 533 2378 territis
548 2316 699 2388 omnibus,
717 2318 768 2397 qui
782 2317 862 2377 circa
877 2322 970 2387 erant,
985 2313 1064 2376 velut
1076 2324 1107 2376 12

104 2401 192 2463 foedo
200 2405 298 2465 omine
311 2400 496 2482 incipiendae
508 2402 552 2461 rei
565 2402 686 2479 insuper
699 2399 973 2477 nuntiatursignum
985 2400 1065 2460 omni

106 2487 133 2546 ri
149 2486 288 2549 moliente
305 2485 447 2565 signifero
460 2483 583 2546 convelli
598 2485 730 2564 nequire.
763 2500 921 2545 conversus
936 2481 973 2544 ad
986 2499 1062 2544 nun·
1075 2490 1106 2543 ta

105 2571 178 2632 tium
198 2590 296 2641 „num
317 2569 430 2631 litteras
450 2576 594 2649 quoque“
615 2569 711 2648 inquit
738 2566 803 2640 „ab
823 2574 927 2629 senatu
953 2566 1062 2638 adfers,

104 2672 179 2734 quae
190 2673 239 2715 me
250 2673 315 2716 rem
327 2671 432 2734 gerere
443 2653 558 2713 vetanti
573 2653 634 2724 abi,
650 2654 767 2723 nuntia,
784 2651 924 2713 effodiant
937 2653 1063 2732 siguum,

104 2738 130 2797 si
148 2737 186 2797 ad
206 2736 430 2799 convellendum
449 2754 553 2798 manus
573 2755 644 2816 prae
665 2745 747 2798 metu
764 2735 981 2815 obtorpuerit.“
1015 2738 1105 2797 in·1t

106 2819 212 2879 cedere
230 2821 301 2880 inde
319 2838 425 2897 agmen
447 2822 544 2900 coepit
559 2821 754 2899 primoribus,
776 2837 969 2899 superquam
985 2819 1064 2897 quod

106 2900 305 2962 dissenserant
323 2902 360 2962 ab
382 2901 519 2973 consilio,
543 2904 654 2964 territis
674 2905 761 2962 etiam
789 2901 897 2979 duplici
917 2900 1062 2979 prodigio,

104 2981 196 3044 milite
207 2983 354 3061 invulgus
364 2984 441 3046 lacto
455 2986 564 3047 ferocia
580 2987 671 3056 ducis,
689 3003 755 3045 cum
768 3001 851 3062 spem
862 2984 955 3059 magis
969 2984 1062 3061 ipsam

103 3084 194 3147 quam
210 3085 328 3129 causam
344 3070 408 3147 spei
422 3070 595 3131 intueretur.

167 3151 213 3214 IV.
252 3150 399 3214 llanuibal
423 3150 501 3230 quod
523 3154 586 3230 agri
614 3161 659 3213 est
678 3154 756 3213 inter
778 3151 937 3212 Cortonam
958 3147 1086 3209 urbemi

101 3236 398 3316 Trasumennumque
412 3235 506 3296 lacum
525 3238 606 3296 omni
625 3234 708 3296 clade
724 3232 793 3294 belli
817 3239 978 3313 pervastat,
1004 3249 1062 3311 quo

101 3322 195 3398 magis
210 3321 286 3381 iram
303 3319 382 3380 hosti
396 3319 433 3381 ad
447 3318 636 3382 vindicandas
656 3319 804 3378 sociorum
822 3317 945 3377 iniurias
967 3324 1061 3376 acuat.

102 3417 132 3464 et
141 3404 198 3464 tam
213 3410 411 3484 pervenerant
425 3402 462 3466 ad
475 3402 540 3463 loca
551 3410 619 3464 nata
630 3401 759 3471 insidiis,
774 3399 827 3462 ubi
839 3400 967 3462 mamme
978 3409 1089 3463 mon-²

102 3493 146 3546 tes
164 3488 360 3549 Cortonenses
384 3486 445 3569 [in]
462 3488 683 3548 Trasumennus
700 3485 786 3547 subit.
822 3486 867 3546 via
882 3490 994 3545 tantum
1014 3485 1059 3546 in·
