2575 4067
235 233 301 308 338'
429 261 522 303 urnas
535 261 627 303 xxm.
640 261 709 304 oar.
727 248 768 304 ts.
785 240 824 323 [a.
841 264 872 305 u.
887 264 913 304 e.
928 241 991 323 538]

211 422 224 473 t
299 407 374 468 xix.
405 409 543 470 Ceterum
559 409 732 469 mitescente
745 410 804 469 iam
815 408 913 470 bieme
924 409 1030 470 educto
1046 427 1084 469 cx
1095 408 1193 471 bibes·

208 494 283 551 tois
310 489 403 553 milite
425 489 584 553 &silium
611 490 699 552 redit.
735 490 786 552 ubl
809 495 986 572 quamquam
1017 491 1055 552 ab
1082 510 1194 571 oppug-

88 597 92 604 ·
238 575 356 635 natione
385 572 530 635 cessatum
555 583 633 646 erat,
666 573 780 635 obsidio
814 582 913 636 tamen
945 576 1085 635 continua
1115 577 1195 656 oppi-

238 657 330 719 danos
360 656 596 738 praesidiumque
632 658 670 718 ad
698 656 833 728 ultimum
865 659 981 737 inopiae
1022 657 1195 719 adduxerat

147 791 150 797 a
210 748 226 801 t
240 741 343 802 caenis
357 740 496 802 Romanis
510 741 556 802 Ti.
577 740 769 821 Sempronius
784 749 921 821 praeerat
935 740 1079 802 dictatore
1101 742 1197 821 auspi·

138 833 142 840 '
210 826 353 885 telorum
366 822 596 904 repetendorum
614 842 701 885 causa
714 824 848 903 proiecto
862 824 995 885 Romam.
1023 823 1197 885 Marcellum
1277 825 1278 858 r

239 917 269 969 et
291 908 388 988 ipsum
417 908 583 986 cupientem
608 907 689 968 ferre
715 906 855 969 auxilium
877 907 1004 968 obsessis
1028 917 1059 967 et
1079 906 1197 968 Voltur·

239 1008 295 1052 nus
328 991 423 1051 amnis
456 989 574 1054 inilatus
600 992 683 1070 aquis
711 997 740 1051 et
769 1008 874 1070 preces
898 989 1079 1074 Nolanorum
1112 998 1199 1070 atque

240 1075 457 1135 Acerranorum
470 1074 624 1144 terrebant,
648 1074 813 1154 Campanos
833 1075 1014 1142 dmentium,
1035 1074 1062 1132 si
1085 1075 1199 1152 praesi-
1277 1103 1278 1106 ¹

211 1156 322 1218 odium
343 1155 509 1218 Romanum
528 1156 727 1219 abscessisset
764 1157 914 1219 Gracchus
931 1156 1069 1219 adsidens
1083 1165 1199 1218 tanum

240 1238 383 1310 Casilino,
399 1241 467 1320 qula
480 1240 665 1319 praedictum
677 1247 741 1300 erat
755 1240 919 1311 boutema,
942 1258 980 1301 ne
992 1239 1063 1320 quid
1074 1238 1200 1301 absente
1277 1237 1278 1264 ¹

241 1342 276 1385 eo
298 1325 343 1384 rei
363 1332 497 1406 gereret,
525 1322 598 1385 nibil
622 1322 773 1394 movebat,
801 1339 977 1403 quamquam
1003 1341 1078 1403 quae
1113 1322 1199 1384 facile

163 1477 176 1486 Ἠ
212 1415 358 1483 oomnem
368 1408 538 1485 patientiam
549 1409 701 1468 nocerent
716 1406 954 1468 nuntiabantura
970 1405 1113 1468 Casilino:
1131 1425 1198 1466 nam

241 1498 271 1551 et
290 1490 499 1570 praecipitasse
519 1508 551 1551 se
572 1491 715 1570 quosdam
736 1508 795 1550 non
815 1489 975 1551 tolerantes
997 1490 1106 1550 iamem
1131 1508 1199 1550 con·

240 1571 343 1643 stabat
360 1580 389 1632 et
397 1581 476 1634 stare
485 1574 615 1634 inermes
629 1575 660 1634 in
673 1574 765 1634 muris
777 1573 854 1635 nuda
860 1590 984 1653 corpora
995 1573 1033 1634 ad
1043 1572 1200 1633 missilium

213 1655 367 1716 rtelorum
382 1656 457 1716 ictus
468 1655 654 1734 praebentes.
676 1675 711 1716 ea
723 1674 811 1736 aegre
826 1658 939 1735 patiens
953 1656 1114 1726 Gracchus,
1134 1674 1200 1716 cum

241 1754 337 1816 neque
359 1754 489 1816 pugnam
514 1756 672 1799 conserere
693 1739 842 1800 dictatoris
867 1741 977 1801 iniussu
1007 1739 1132 1800 auderet
1159 1772 1201 1783 -

213 1819 430 1964 tetur
443 1828 547 1983 :stt
664 1821 1199 1902 *urs

242 1988 407 2066 agriscirca
418 1985 699 2068 undiqne'conreeto
707 2008 774 2051 oum
786 1989 928 2069 conplura
939 1989 1015 2050 dolia
1023 1988 1199 2069 conplesset,

241 2071 377 2132 nuntium
398 2069 434 2132 ad
456 2073 658 2149 magistratum
679 2071 838 2133 Casilinum
857 2074 952 2145 misit,
974 2083 1007 2134 ut
1028 2074 1198 2152 exciperent

213 2152 326 2226 odolla,
342 2172 417 2235 quae
428 2157 523 2216 amnis
533 2155 672 2216 deferret
694 2157 860 2235 insequenti
871 2164 958 2217 nocte
970 2158 1092 2217 intentu
1102 2157 1200 2216 omni·

240 2237 297 2299 bus
311 2240 342 2298 in
363 2237 473 2299 llumen
492 2256 527 2299 ae
547 2257 630 2318 spem
653 2238 690 2300 ab
719 2241 821 2299 nuntio
841 2238 972 2301 Romano
994 2240 1101 2301 iactam
1122 2238 1201 2300 dolia
1278 2289 1279 2308 q

241 2320 339 2382 medio
354 2322 444 2381 missa
458 2323 537 2381 amni
554 2321 754 2392 defluxerunt,
770 2321 988 2404 aequaliterque
1004 2325 1083 2384 inter
1096 2340 1202 2384 omnes
1278 2327 1279 2412 ζ

201 2405 423 2465 loimmentum
451 2403 584 2466 dirism.
630 2405 661 2466 id
689 2414 807 2485 postero
833 2425 950 2485 quoque
979 2406 1027 2467 die
1052 2424 1087 2467 ac
1110 2408 1202 2466 tertio

179 2491 184 2502 '
242 2487 350 2547 iactum
367 2496 427 2548 est:
445 2497 531 2549 nocte
546 2498 575 2549 et
589 2489 780 2551 mittebantur
794 2498 824 2549 et
837 2489 1062 2569 perveniebant:
1086 2508 1122 2550 eo
1135 2507 1202 2550 eus·

202 2575 231 2627 tt
244 2570 353 2629 stodias
367 2569 495 2632 hostium
507 2570 657 2641 fallebant.
688 2571 833 2634 imbribus
847 2572 953 2634 deinde
964 2574 1112 2634 continuis
1128 2575 1200 2633 cita·

241 2652 298 2710 tior
316 2651 401 2712 solito
415 2655 510 2713 amnis
527 2663 694 2715 transverso
709 2658 817 2717 vertice
832 2656 908 2718 dolia
918 2655 1025 2737 inpulit
1042 2657 1079 2717 ad
1094 2658 1200 2735 ripam,
1278 2711 1279 2716 ,

242 2749 329 2812 quam
343 2731 444 2793 bootes
460 2735 626 2796 servabant.
663 2735 705 2796 ibi
725 2738 875 2801 hacrentia
899 2742 977 2801 inter
1000 2739 1108 2802 obnata
1126 2742 1202 2820 ripis

241 2814 343 2877 salicta
367 2817 601 2896 conspiquntur,
632 2821 856 2902 nuntiatumque
885 2822 1042 2886 Hannibali
1076 2832 1134 2894 est,
1172 2833 1202 2884 et

242 2899 349 2963 deinde
363 2902 519 2963 intentiore
540 2902 673 2966 custodia
692 2913 826 2975 cautum,
849 2924 887 2967 ne
912 2908 982 2987 quid
998 2906 1115 2968 falleret
1131 2906 1201 2967 Vol·
1278 2959 1279 2962 ,

201 2993 232 3043 12
243 2993 332 3047 turno
346 2983 382 3046 ad
397 2985 502 3047 urbem
516 2988 648 3049 missum.
682 3007 773 3051 nuces
793 2997 891 3049 tamer
905 2991 986 3052 lusae
1007 2990 1044 3052 ab
1059 2992 1202 3052 Romanis

170 3144 175 3152 .
241 3070 346 3130 castris
361 3087 428 3129 eum
442 3068 540 3131 medio
555 3073 633 3131 amni
651 3070 687 3133 ad
699 3070 857 3134 Casilinum
872 3072 1051 3145 detinerent,
1067 3073 1201 3136 cratibus

201 3159 232 3211 te
243 3151 473 3232 excipiebantur.
507 3163 657 3232 postremo
681 3155 769 3216 adid
793 3164 911 3217 ventum
935 3158 1051 3237 inopiae
1076 3167 1138 3227 est,
1168 3167 1201 3218 ut

239 3235 303 3296 lora
314 3236 518 3316 detractasque
532 3240 622 3298 scutis
632 3237 734 3317 pelles,
751 3240 801 3299 ubi
814 3240 925 3312 fervida
936 3239 1102 3301 mollissent
1112 3258 1199 3321 aqua,

239 3318 379 3380 mandere
395 3329 573 3381 conarentur
594 3339 650 3402 nec
671 3320 806 3384 muribus
821 3321 914 3384 aliove
935 3322 1054 3384 animali
1071 3323 1200 3385 abstine·

239 3411 305 3461 rent
319 3411 350 3463 et
369 3419 456 3463 omne
476 3402 635 3465 herbarum
646 3406 840 3487 radicumque
860 3424 954 3484 genus
974 3406 1133 3484 aggeribus
1154 3408 1200 3468 in·

200 3482 316 3542 trimis
330 3487 408 3544 muri
429 3495 576 3548 eruerent.
607 3499 717 3551 etcum
743 3492 843 3553 bostes
862 3489 1035 3551 obarassent
1056 3490 1199 3572 quidquid
