2575 4067
238 250 280 314 28
385 261 478 306 ensa
492 263 547 306 vn.
565 261 634 304 ola.
649 249 693 303 oe.
709 251 752 303 27.
774 239 814 323 [a.
829 263 860 303 u.
877 263 903 302 e.
918 240 1058 321 dot-410]

239 411 362 477 Camillo
380 411 460 474 nulla
471 409 674 472 memorabilis
686 416 767 489 gesta
783 426 846 470 res:
862 425 918 469 nec
929 407 972 468 illi
983 415 1063 470 terra
1074 425 1130 467 nec
1145 407 1208 469 Ro·

199 507 231 558 14
241 514 345 559 manus
356 497 431 558 meri
441 493 566 556 bellator
580 501 652 556 erat.
674 501 825 574 postremo
837 510 904 554 cum
916 490 1051 553 litoribus
1063 508 1207 552 arceren-

239 589 302 652 tur,
324 598 400 661 aqua
414 581 502 640 etiam
522 584 642 659 praeter
663 585 762 639 cetera
779 577 945 637 necessaria
967 576 1033 637 usui
1047 574 1207 636 deficiente

199 673 229 726 lb
240 663 352 726 ltaliam
368 662 524 744 reliquere.
557 663 638 724 cuius
655 661 757 743 populi
778 679 812 723 ea
827 660 968 739 cuiusque
985 660 1082 738 gentis
1100 656 1207 720 classis

239 749 343 818 luerit,
366 746 440 809 nihil
469 747 543 808 certi
566 753 618 807 est.
656 747 784 807 maxime
805 742 921 805 Siciliae
948 742 1038 805 inisse
1059 750 1205 821 tyrannos

240 831 432 901 crediderim;
453 849 522 893 nam
540 828 664 892 ulterior
679 829 801 891 Graecia
825 846 859 889 ea
871 834 1045 907 tempestate
1061 828 1206 887 intestino

239 916 316 978 fessa
330 913 408 977 bello
423 916 482 976 iam
498 912 691 976 Macedonum
709 931 781 994 opes
796 910 945 972 horrebat.

210 1009 223 1059 1
302 998 414 1060 XXVII.
451 996 636 1059 Exercitibus
652 996 779 1058 dimissis
791 1014 859 1057 cum
875 1002 904 1056 et
917 995 990 1056 ioris
1004 1013 1062 1076 pax
1077 1003 1107 1056 et
1121 993 1203 1055 domi

240 1083 399 1146 concordia
410 1080 548 1143 ordinum
559 1081 652 1143 otium
664 1088 755 1152 esset,
772 1097 810 1142 ue
822 1080 909 1141 nimh
924 1078 1016 1141 laetae
1032 1097 1082 1141 res
1092 1086 1201 1148 essent,

239 1166 406 1248 pestilentia
424 1167 570 1228 cidtatem
588 1165 691 1227 adorta
714 1165 810 1244 coegit
830 1170 964 1224 senatum
986 1165 1134 1244 imperare
1151 1162 1203 1224 de-

239 1251 391 1322 cemviris,
406 1258 440 1314 ut
455 1249 547 1313 libros
562 1248 720 1330 Sibyllinos
735 1248 932 1329 inspicerent;
956 1265 1118 1327 eorumque
1137 1264 1203 1307 mo·

211 1336 306 1397 snitu
318 1333 532 1397 lectisternium
547 1334 611 1396 init.
642 1333 746 1395 eodem
766 1348 842 1393 anno
861 1331 1008 1393 Satricum
1023 1331 1058 1392 ab
1077 1331 1200 1392 Antiati

238 1417 293 1480 bus
334 1417 448 1479 colonia
480 1417 604 1480 deducta
637 1418 830 1496 restitutaque
864 1414 951 1487 urbs,
989 1433 1076 1495 quam
1105 1414 1202 1475 Latini

240 1501 407 1571 diruerant;
424 1507 535 1563 etcum
551 1499 842 1580 Carthaginiensibus
856 1498 961 1579 legatis
970 1498 1081 1561 Romae
1096 1497 1202 1559 foedus
1280 1523 1281 1528 ¹

239 1587 344 1655 ictum,
362 1601 429 1645 cum
444 1585 602 1646 amicitiam
623 1603 657 1646 ac
676 1584 847 1646 societatem
864 1591 1000 1663 petentes
1015 1583 1173 1644 venissent.

207 1677 224 1729 t
301 1667 383 1729 idem
399 1668 490 1728 otium
507 1667 586 1729 domi
604 1668 733 1748 lorisque
749 1669 856 1730 mansit
872 1666 906 1729 T.
923 1665 1030 1729 Manlio
1052 1665 1202 1745 Torquato

240 1751 272 1814 C.
290 1749 405 1812 Plautio
420 1749 598 1813 consulibus.
630 1752 857 1814 semunciarium
876 1758 989 1813 tantum
1013 1768 1048 1811 ex
1068 1749 1201 1811 unciario
1280 1817 1281 1822 ἵ

240 1833 472 1905 laeuusiactum
486 1836 557 1897 etin
574 1836 732 1915 pensiones
745 1853 853 1915 aequas
864 1836 999 1905 triennii,
1011 1835 1201 1914 itautquarta
1280 1829 1281 1848 ³

208 1928 379 1998 ipraesens
400 1925 492 1990 esset,
515 1917 620 1981 solutio
639 1920 716 1982 aeris
734 1917 822 1980 alieni
847 1918 1012 1999 dispensata
1027 1926 1079 1980 est.
1116 1926 1145 1979 et
1158 1918 1200 1977 sic

240 2020 356 2083 quoque
377 2010 462 2082 parte
482 2001 577 2083 plebis
593 2001 707 2065 adiecta
727 2001 800 2063 ddes
825 2010 924 2065 tanmn
944 2001 1061 2084 publica
1081 2003 1200 2082 privatis

239 2084 459 2148 difficultatibus
479 2088 576 2166 potior
596 2087 633 2149 ad
652 2105 752 2149 curam
774 2088 889 2149 senatui
909 2085 972 2148 tuit.
1007 2086 1118 2147 levatae
1138 2103 1197 2146 ma·

239 2171 316 2231 xime
330 2188 388 2243 res,
406 2171 474 2250 quia
491 2170 602 2233 tributo
614 2189 648 2234 ac
670 2170 778 2233 dilectu
793 2188 1005 2251 supersessum.

206 2261 223 2311 5
298 2254 399 2316 Tertio
415 2273 492 2317 anno
507 2262 575 2336 post
590 2255 736 2318 Satricum
750 2256 918 2316 restitutum
932 2273 949 2317 a
965 2252 1076 2314 Volscis
1091 2253 1128 2313 ii.
1145 2252 1200 2314 Va-

238 2337 329 2399 lerius
346 2339 455 2401 Corvus
471 2344 578 2400 iterum
599 2338 701 2402 consui
723 2357 790 2400 cnm
807 2339 837 2401 C.
853 2337 983 2400 Poeteho
1001 2338 1109 2409 lactus,
1132 2355 1199 2398 cum

239 2439 275 2483 ex
289 2421 372 2483 Latio
388 2424 553 2484 nuntiatum
568 2430 645 2483 esset
655 2421 768 2501 legatos
782 2421 819 2483 ab
832 2423 918 2483 intio
934 2423 1092 2483 circumire
1106 2439 1200 2501 popu·

205 2502 281 2565 clos
301 2504 472 2565 Latinorum
493 2504 530 2565 ad
552 2505 760 2568 concitandum
786 2504 913 2578 bellum,
943 2506 1113 2587 priusquam
1134 2504 1201 2585 plus

237 2585 366 2647 hostium
387 2587 487 2658 deret,
511 2585 624 2648 Volscis
647 2607 727 2651 arma
750 2589 861 2651 inferre
884 2592 981 2652 iussus
996 2588 1033 2651 ad
1055 2588 1200 2651 Satricum

239 2670 370 2731 exercitu
390 2670 496 2732 infesto
515 2672 622 2752 pergit.
660 2693 718 2754 quo
738 2691 806 2736 cum
820 2674 950 2736 Antiates
975 2672 1082 2754 aliique
1104 2672 1201 2734 Volsci

237 2755 419 2833 praeparatis
440 2755 498 2816 iam
518 2763 602 2829 ante,
619 2756 729 2839 siquid
746 2757 783 2820 ab
795 2758 888 2820 Roma
902 2765 1084 2827 moveretur,
1108 2757 1200 2837 copiis

238 2839 450 2910 occurrissent,
467 2839 545 2902 nulla
560 2860 644 2905 mora
665 2844 744 2905 inter
759 2842 891 2904 lniensos
904 2841 1017 2903 diutino
1030 2841 1098 2903 odio
1113 2841 1198 2902 dimi·

207 2929 223 2978 7
238 2921 324 2983 candi
339 2922 414 2984 iacta
432 2932 485 2987 est.
513 2925 624 2999 Volsci,
641 2927 771 2987 ierocior
785 2925 822 2988 ad
838 2924 1042 2988 rebellandum
1058 2943 1146 3006 quam
1162 2925 1198 2987 ad

237 3004 406 3069 bellandum
421 3025 503 3086 gens,
520 3012 681 3086 certamine
693 3010 762 3071 uicti
775 3010 843 3089 iuga
857 3010 948 3072 eiinsa
964 3010 1070 3071 Satrici
1082 3010 1199 3071 moenia

237 3097 350 3170 petunt.
372 3098 402 3152 et
413 3109 451 3153 ue
462 3094 494 3153 in
508 3094 601 3155 muns
612 3094 731 3173 qudem
744 3095 814 3155 satis
828 3094 914 3156 iirma
929 3112 990 3173 spe,
1005 3112 1072 3155 cum
1089 3109 1201 3153 corona

236 3173 362 3237 militum
379 3176 474 3239 elnota
489 3178 547 3239 iam
563 3175 650 3239 scalis
667 3184 823 3259 caperetur
836 3178 923 3249 urbs,
940 3177 977 3240 ad
995 3183 1133 3257 quattuor
1145 3176 1199 3237 mi·

237 3255 275 3319 lia
291 3259 416 3322 militum
434 3266 553 3342 praeter
570 3260 789 3324 multitudinem
806 3262 945 3325 inbellem
962 3279 1026 3323 sese
1048 3260 1199 3322 dedidere.

205 3347 221 3398 c
235 3342 376 3421 oppidum
395 3343 523 3406 dirutum
536 3352 623 3427 atque
637 3348 807 3417 incensum;
829 3345 865 3409 ab
881 3346 954 3409 aede
969 3352 1082 3408 tantum
1095 3345 1200 3407 matris

236 3424 364 3485 iiatntae
393 3427 561 3490 abstinuere
592 3431 702 3510 ignem
738 3430 849 3511 praeda
874 3433 970 3491 omnis
1007 3428 1094 3491 militi
1121 3428 1198 3490 data.

236 3516 320 3566 extra
336 3509 477 3587 praedam
492 3518 630 3591 qurattuor
643 3514 724 3575 milia
741 3512 908 3574 deditorum
919 3513 1037 3581 hahita;
1054 3531 1107 3574 eos
1118 3514 1199 3573 rinc
