2575 4067
254 239 314 302 328
411 252 504 293 arsen
519 248 692 330 nuncu.
710 236 751 291 10.
768 236 810 291 11.
841 226 881 309 [s.
895 251 927 292 n.
942 250 968 290 o.
984 225 1047 309 538]

253 400 407 478 Campani,
425 415 512 478 quam
528 396 658 476 petistis:
677 394 742 456 loro
756 394 870 466 medio,
894 394 959 456 luce
974 394 1070 464 clara,
1088 396 1227 458 videnti·

252 482 307 545 bus
321 481 403 544 vobis
418 480 491 543 nulli
507 480 724 558 Campanorum
738 478 885 541 secundus
903 479 1016 540 rinctus
1031 478 1070 539 ad
1084 490 1227 543 mortem

224 573 240 624 8
251 567 362 646 rapior.
384 565 454 647 quid
466 562 619 625 violentius
632 570 716 642 capta
727 562 825 641 Capua
835 562 936 624 fleret?
951 563 991 623 ite
1003 562 1128 625 obviam
1142 565 1226 627 llan-

253 648 358 720 nlbali,
376 655 515 711 exornate
529 645 635 708 urbem
650 645 786 726 diemque
798 645 938 706 adrentus
951 647 1013 707 eius
1028 658 1224 719 consecrate,

223 741 283 795 tut
298 733 377 795 hune
392 731 575 812 triumphum
597 730 634 791 de
655 730 716 791 cine
739 737 836 791 restro
850 730 1019 808 spectetis.“
1042 730 1125 791 baec
1141 733 1224 792 roci·

252 817 366 878 ierante
382 834 449 877 eum
460 815 573 876 mereri
584 812 687 891 volgus
697 811 861 879 videretur,
878 810 1047 875 obvolutum
1057 824 1156 894 eaput
1168 824 1222 886 est,

253 901 392 980 ociusque
405 900 471 978 rapi
485 906 567 959 extra
583 904 699 977 portam
713 897 819 957 iussus.
852 897 893 956 ita
913 897 945 956 ln
961 903 1058 958 cestra
1074 898 1222 976 perduci·

250 990 313 1054 tur;
325 981 529 1063 extemploque
539 981 683 1062 inpositus
693 980 836 1040 lunarem
844 979 1220 1058 etcmhagtnemmissus

214 1075 244 1126 to
254 1084 292 1129 ne
303 1073 385 1127 motu
398 1064 494 1145 aliquo
502 1065 617 1144 Capuae
625 1081 663 1124 ex
673 1062 845 1141 indignitate
855 1063 901 1123 rel
913 1069 978 1124 orto
989 1072 1131 1126 senatum
1145 1084 1220 1145 quo·

251 1169 308 1232 que
322 1150 487 1231 paeniteret
502 1147 591 1209 dediti
602 1146 753 1226 principis,
770 1153 800 1207 et
814 1144 960 1224 legatione
975 1147 1064 1209 missa
1075 1148 1115 1209 ad
1128 1167 1218 1229 repe·

252 1233 373 1295 tendum
383 1250 451 1295 eum
462 1249 500 1293 ne
517 1238 566 1292 aut
578 1229 713 1308 negando
726 1246 804 1299 rem,
817 1247 905 1309 quam
922 1230 1051 1309 primum
1063 1239 1215 1312 peterent

252 1315 486 1381 offendendlsibi
498 1315 565 1375 novi
580 1314 667 1383 socii,
683 1321 734 1374 aut
752 1311 908 1375 tribuendo
926 1312 1080 1376 habendus
1095 1315 1215 1395 Capuae

213 1408 240 1462 tl
254 1409 331 1462 esset
347 1399 497 1462 seditionis
512 1416 545 1459 ac
561 1396 714 1458 turbarum
728 1402 840 1457 auctor.
868 1414 972 1458 nauem
983 1398 1113 1476 Cyrenas
1130 1400 1214 1460 detu-

252 1482 286 1546 lit
300 1489 472 1563 tempestas,
488 1499 562 1562 quae
579 1487 641 1541 tum
656 1481 688 1540 in
707 1478 821 1540 dicione
836 1497 941 1558 regum
956 1488 1049 1541 erant.
1084 1480 1129 1542 ibi
1147 1501 1213 1544 oum

212 1575 243 1627 12
253 1566 365 1646 Magtus
376 1566 414 1627 ad
424 1573 548 1627 statuam
558 1562 719 1625 Ptolomaei
736 1564 815 1641 regis
827 1563 1022 1642 confugisset,
1039 1564 1213 1644 deportatus

252 1668 268 1712 a
284 1646 453 1710 custodibus
468 1646 681 1709 Alexandream
696 1645 732 1707 ad
749 1645 966 1718 Ptolomaeum,
991 1665 1059 1709 eum
1074 1667 1146 1710 eum
1162 1648 1211 1710 do·

252 1732 360 1793 cuisset
375 1731 538 1792 contraius
552 1729 681 1790 foederis
696 1731 825 1791 vinetum
845 1747 877 1791 se
899 1730 935 1791 ab
951 1730 1117 1793 Hannibale
1136 1750 1208 1802 esse,

252 1813 353 1875 unctis
368 1812 526 1884 liberatur,
547 1815 799 1894 permissumque,
821 1820 853 1874 ut
869 1813 994 1884 rediret,
1015 1833 1068 1876 seu
1084 1815 1208 1878 Romam
1277 1851 1278 1858 ,

213 1906 242 1959 13
249 1915 301 1959 seu
313 1898 440 1978 Capuam
455 1896 564 1958 mallet.
595 1916 651 1959 nee
662 1897 773 1975 Magius
789 1897 917 1976 Capuam
932 1896 989 1958 sibi
1001 1904 1093 1960 tutam
1110 1899 1209 1960 dicere
1277 1963 1278 1970 χ

251 1991 280 2042 et
294 1981 418 2043 Romam
434 2000 469 2043 eo
484 1988 632 2062 tempore,
649 1999 707 2060 quo
721 1980 799 2041 inter
817 1980 965 2042 Romanos
986 1981 1207 2063 Campanosque
1277 1979 1278 1990 ’

250 2063 360 2126 uelum
370 2067 415 2136 sit,
429 2065 598 2146 transfugae
604 2065 697 2142 magis
709 2082 796 2142 quam
808 2062 931 2144 hospitis
940 2063 1003 2126 iore
1011 2064 1207 2128 domicilium:

252 2167 397 2230 nusquam
411 2147 499 2211 malle
514 2167 602 2229 quam
616 2150 648 2208 in
667 2164 760 2226 regno
785 2149 847 2209 eius
869 2150 980 2220 vivere,
1005 2166 1094 2228 quem
1116 2150 1206 2211 vindi-

251 2251 316 2294 cem
334 2240 421 2312 atque
435 2240 585 2294 auctorem
601 2231 707 2293 habeat
722 2229 875 2291 libertatis.

224 2323 236 2375 1
315 2316 363 2378 lll.
395 2315 470 2377 llum
490 2315 563 2377 haee
583 2322 741 2395 geruntur,
765 2312 800 2385 Q.
818 2314 925 2376 Fabius
940 2316 1040 2376 Pictor
1060 2314 1176 2394 legatus
1191 2336 1206 2378 a

251 2399 371 2480 Delphis
386 2399 509 2460 Romam
524 2400 601 2460 redit
621 2415 854 2478 responsumque
875 2417 911 2459 ex
934 2400 1044 2477 scripto
1063 2401 1205 2461 recitarit
1277 2401 1278 2404 ’

251 2484 308 2543 divi
325 2483 466 2562 divaeque
480 2483 511 2543 in
528 2501 563 2544 eo
582 2491 680 2552 erant,
700 2479 805 2561 quibus
825 2498 942 2561 quoque
957 2481 1046 2543 modo
1060 2482 1207 2562 supplica·

224 2574 348 2634 aretum
364 2574 426 2626 tum
446 2567 497 2637 „si
512 2567 552 2627 ita
566 2566 678 2635 faxitis,
705 2565 845 2635 Romani,
866 2573 980 2627 vestrae
1003 2584 1052 2627 res
1068 2565 1206 2629 meliores
1277 2573 1278 2644 ᾗ

249 2646 455 2725 facilioresque
481 2657 580 2718 erunt,
613 2649 765 2726 magisque
792 2665 828 2708 ex
849 2651 1062 2711 sententiares
1089 2649 1207 2729 publica
1277 2687 1278 2714 1

250 2735 345 2790 vestra
366 2728 447 2789 robis
472 2729 614 2807 procedet
637 2731 817 2809 victoriaque
843 2731 932 2793 duelli
957 2731 1058 2813 populi
1081 2732 1206 2795 Romani
1277 2741 1278 2788 l

223 2813 317 2875 terit.
341 2811 446 2892 Pythio
459 2811 587 2892 Apollini
601 2831 635 2875 re
650 2812 768 2894 publica
784 2821 878 2876 vestra
893 2816 969 2878 bene
984 2824 1064 2896 gesta
1078 2826 1205 2879 servata·
1277 2889 1278 2892 Ἴ

250 2916 306 2979 que
323 2896 413 2960 lucris
428 2898 541 2960 meritis
556 2898 666 2960 donum
680 2900 831 2971 mittitote,
854 2899 948 2980 deque
963 2900 1086 2980 praeda,
1104 2919 1205 2963 manu·
1277 2901 1278 2950 l

252 2981 306 3043 biis
322 2981 480 3063 spoliisque
496 2982 641 3044 honorem
660 2982 811 3052 habetote;
829 2981 977 3046 lasciviam
995 3002 1012 3045 a
1035 2984 1118 3045 vobis
1136 3004 1204 3064 pro·

225 3064 412 3127 thibetote.“
442 3065 516 3127 haec
530 3065 581 3128 ubi
595 3086 631 3128 ex
646 3068 758 3129 Graeco
773 3067 904 3127 carmine
923 3069 1116 3148 interpretata
1131 3071 1204 3130 recl·

250 3150 336 3220 tavit,
351 3157 413 3211 tum
429 3148 502 3211 dixit
515 3168 547 3210 se
562 3149 681 3212 oraculo
695 3167 845 3229 egressum
857 3151 1003 3232 extemplo
1018 3152 1055 3212 iis
1070 3151 1204 3213 omnibus

221 3231 322 3295 odinis
335 3250 400 3293 rem
412 3232 538 3295 divinam
551 3241 618 3295 ture
631 3252 665 3295 ac
676 3235 743 3294 vino
755 3233 874 3305 iecisse,
893 3236 1065 3315 Iussumque
1076 3253 1094 3295 a
1104 3234 1203 3314 templi

250 3317 393 3387 antistite,
412 3317 487 3378 sieut
502 3324 659 3379 coronatus
673 3316 772 3379 laurea
789 3334 897 3378 corona
913 3327 942 3379 et
962 3316 1115 3380 oraculum
1129 3317 1202 3380 adis·

250 3406 295 3458 set
308 3407 338 3459 et
351 3417 417 3460 rem
431 3399 559 3464 divinam
573 3400 707 3472 lecisset,
732 3402 773 3462 ita
793 3412 965 3463 coronatum
985 3419 1090 3464 narem
1105 3419 1201 3462 ascen·

251 3478 321 3540 dere
336 3499 390 3540 nee
408 3490 475 3543 ante
492 3485 641 3564 deponere
659 3503 737 3554 eam,
760 3502 847 3565 quam
862 3485 984 3547 Romam
1003 3486 1199 3566 pervenisset:
