2575 4067
229 249 292 312 236
380 259 474 302 cmm
488 260 554 303 m.
571 260 641 303 car.
652 247 698 303 88.
712 247 756 302 39.
771 249 815 303 40.
830 240 871 322 [a.
888 262 920 304 n.
939 263 965 304 e.
980 239 1044 323 aad]

200 418 314 473 annos
329 406 366 468 ad
381 405 490 468 Libuos
501 406 600 469 Gallos
609 405 807 469 deduxissent.
839 424 896 469 neo
909 406 972 468 reri
984 405 1081 468 simile
1097 417 1149 470 est
1166 428 1205 472 ea

230 501 292 554 tum
307 490 344 552 ad
359 489 482 554 Galliam
493 493 623 569 patuisse
639 492 761 559 itinera;
775 490 876 570 utique
886 508 962 572 quae
973 489 1010 552 ad
1024 491 1203 554 Poeninum

200 575 329 637 tierent
348 573 489 653 obsaepta
519 573 656 653 gentibus
676 575 900 653 semigermanis
926 574 1061 636 luissent.
1094 593 1202 656 neque

228 656 350 722 hercule
363 656 513 719 montibus
524 658 586 729 Hs,
604 659 631 718 sl
645 675 733 736 quem
748 658 825 719 sorte
838 657 870 718 id
883 666 996 729 movet,
1012 657 1050 719 ab
1064 662 1201 721 transitu

228 743 397 805 Poenorum
412 739 473 802 ullo
489 740 601 802 Seduni
613 742 752 820 Veragri,
773 740 888 802 incolae
902 743 964 820 iugi
983 743 1061 811 eius,
1081 750 1200 805 norunt

229 842 338 888 nomen
349 825 484 895 inditum,
499 822 552 885 sed
567 822 604 885 ab
616 842 662 895 eo,
678 843 766 902 quem
780 827 813 886 in
827 842 943 887 summo
960 833 1109 887 meretum
1126 844 1198 888 ver·

120 860 287 1015 Q&
301 909 465 970 Poeninum
480 909 615 973 montani
629 907 787 988 appellant.
1285 984 1286 989 ἵ

201 1001 215 1055 t
287 990 415 1054 XXXIX.
449 991 673 1070 Peropportrme
701 991 739 1053 ad
759 992 906 1071 principia
920 1008 1022 1053 rertnn
1042 992 1194 1065 Taurinis,

228 1076 381 1157 proximae
400 1075 496 1152 gend,
526 1073 667 1136 adversm
694 1074 833 1137 Insubres
855 1082 968 1136 motum
989 1074 1102 1137 bellum
1118 1086 1195 1139 crat

228 1159 281 1222 sed
304 1175 421 1221 armare
443 1158 605 1219 exercitum
626 1157 787 1228 Hannibal,
813 1165 848 1219 ut
871 1159 951 1235 parti
977 1157 1062 1220 alteri
1082 1159 1196 1223 auxilio

230 1251 320 1314 esset,
346 1244 379 1304 ln
402 1240 562 1303 reficiendo
588 1243 717 1303 maxime
741 1243 919 1303 sentientem
945 1250 1098 1303 mnuaota
1124 1252 1197 1305 anta

199 1325 318 1396 amab,
336 1343 397 1387 non
408 1332 538 1405 poterat:
554 1326 647 1387 otium
660 1326 739 1386 enim
751 1342 788 1387 ex
801 1323 919 1397 labora,
935 1327 1020 1405 copia
1031 1344 1068 1386 ex
1080 1328 1194 1406 inopia,

229 1409 324 1472 cultus
340 1428 376 1471 ex
395 1408 505 1470 inluvie
519 1408 645 1489 tabeque
666 1406 798 1488 squalida
815 1415 846 1470 et
865 1426 960 1490 prope
981 1410 1102 1470 eiierata
1125 1428 1195 1471 cor-

201 1500 302 1573 tpora
314 1496 395 1556 varie
405 1493 551 1555 movebat.
574 1510 608 1553 ea
617 1493 652 1553 P.
666 1490 803 1555 Cornelio
814 1491 929 1554 consuli
944 1510 1032 1554 causa
1043 1492 1108 1565 luit,
1124 1512 1194 1556 cum

229 1578 312 1639 Pisas
326 1575 448 1638 nanbus
464 1576 607 1646 venisset,
624 1576 755 1637 exercitu
766 1573 901 1637 ablanlio
912 1575 1059 1656 Atilioque
1068 1586 1193 1657 accepto

229 1662 326 1721 tirone
341 1666 371 1719 et
384 1661 417 1718 in
428 1659 511 1720 noris
523 1660 694 1737 ignomin
705 1659 830 1739 trepido,
847 1657 885 1719 ad
897 1658 1009 1721 Padum
1023 1659 1191 1732 festinandi,

202 1749 263 1803 tut
277 1759 344 1802 cum
358 1742 443 1802 hoste
458 1740 589 1804 nondum
603 1742 716 1804 reiecto
732 1760 836 1804 manus
850 1750 1030 1805 consereret.
1059 1744 1112 1804 sed
1124 1761 1191 1806 cun·

229 1823 408 1888 Placentiam
426 1824 530 1886 consul
543 1827 635 1895 venit,
651 1826 710 1888 iant
726 1844 764 1887 ex
777 1827 890 1887 stativis
905 1834 1038 1889 moverat
1045 1827 1192 1889 Hannibal

229 1909 486 1989 Taurinorumque
509 1927 598 1970 unam
625 1909 746 1980 urbem,
779 1919 867 1990 caput
891 1911 987 1988 gentis
1016 1911 1095 1986 eius,
1124 1913 1193 1990 quia

201 1992 360 2054 evolantes
384 1994 416 2054 in
436 1993 594 2055 amicitiam
615 2010 676 2054 non
694 1992 864 2064 veniebant,
890 1996 918 2054 vi
938 2004 1138 2073 expugnatam
1165 2004 1194 2057 ct

229 2077 371 2138 iunxisset
385 2076 443 2138 sibl
461 2095 521 2138 non
535 2084 616 2140 metu
631 2075 742 2148 solum,
757 2077 810 2138 sed
825 2078 913 2138 etiam
927 2076 1078 2139 voluntate
1094 2076 1193 2141 Gallos

230 2160 344 2223 accolas
365 2160 451 2233 Padi,
478 2163 510 2222 ni
525 2179 575 2222 eos
595 2162 866 2239 circumspectantis
879 2160 1054 2221 deiectionis
1075 2159 1193 2242 tenipus

202 2245 324 2307 tsubito
339 2245 466 2306 adventu
486 2242 590 2306 consul
605 2246 808 2324 oppressisset.
843 2253 873 2305 et
887 2243 1034 2305 Hannibal
1050 2246 1193 2307 moriter

228 2330 380 2399 Taurinb,
407 2329 550 2398 incertos,
585 2346 661 2407 quae
690 2345 761 2407 pars
784 2327 935 2408 sequenda
966 2335 1059 2398 esset,
1093 2328 1192 2391 Gallos

202 2419 416 2490 rpraesentem
433 2419 588 2474 secuturos
609 2428 642 2471 se
662 2419 752 2472 ratus.
785 2413 844 2472 iam
866 2428 959 2491 prope
976 2411 1008 2471 in
1029 2419 1191 2493 conspectu

230 2503 315 2555 erant
328 2496 484 2565 exercitus,
500 2502 757 2575 convenerantque
773 2494 863 2556 duces
876 2495 963 2556 sicuti
978 2496 1057 2555 inter
1069 2513 1102 2556 se
1115 2513 1190 2557 non·

230 2576 301 2636 dum
310 2578 380 2637 satis
387 2579 457 2648 nott
477 2579 518 2638 ita
531 2579 589 2640 lam
595 2577 716 2638 inbutus
730 2587 854 2658 uterque
862 2577 989 2658 quadam
997 2577 1191 2641 admiratione

201 2656 360 2719 balterius
395 2675 464 2719 nam
479 2659 653 2721 Hannibalis
671 2669 702 2721 et
718 2662 795 2740 apud
810 2662 959 2723 Romanos
980 2663 1036 2722 iam
1051 2669 1118 2720 ante
1133 2661 1189 2720 Sa·

229 2741 313 2821 guntl
333 2740 480 2803 excidium
495 2740 722 2805 celeberrimum
744 2762 853 2806 nomen
868 2753 947 2816 erat,
970 2753 1000 2806 et
1018 2742 1185 2822 Scipionem

230 2822 376 2888 Hannibal
392 2842 427 2886 eo
440 2826 522 2905 ipso,
538 2825 618 2905 quod
631 2826 770 2890 adversus
783 2847 816 2889 se
827 2828 886 2890 dux
900 2824 1188 2908 potissimumlectus

201 2916 320 2981 desset,
335 2915 535 2988 praestantem
554 2910 651 2973 virum
673 2911 822 2974 credebat.
857 2920 887 2973 et
901 2920 1045 2974 auxerant
1062 2912 1140 2972 inter
1155 2927 1190 2972 se

230 2995 414 3073 opinionem,
438 2995 551 3074 Scipio,
573 2996 653 3074 quod
673 2994 794 3057 relictus
812 2995 844 3054 in
861 2994 954 3057 Galba
974 2995 1079 3057 obvim
1092 2994 1189 3056 luerat

229 3079 261 3139 in
276 3077 387 3138 ltaliam
401 3084 586 3156 transgresso
599 3077 770 3150 Hannibali,
790 3080 946 3142 sanabat
962 3085 992 3140 et
1008 3087 1115 3140 conatu
1128 3085 1189 3139 tam

191 3168 222 3221 to
232 3160 336 3223 audaci
348 3162 578 3223 traiciendarum
593 3161 710 3241 Alpium
726 3170 755 3222 et
769 3162 883 3224 ellectu.
914 3164 1066 3242 occuparit
1091 3171 1188 3223 tamen

231 3245 329 3325 Scipio
340 3242 451 3306 Padum
463 3246 599 3311 troicus,
614 3245 691 3308 etad
703 3245 838 3308 Ticinum
849 3263 966 3308 amnem
978 3245 1187 3307 motiscastris.

230 3329 401 3407 priusquam
430 3328 572 3391 educeret
594 3330 626 3390 in
653 3330 760 3401 aciem,
788 3330 1039 3392 adhortandorum
1063 3327 1188 3389 militum

231 3428 317 3471 cansa
332 3409 420 3473 talem
436 3417 601 3475 oraticnem
613 3420 658 3473 est
673 3430 804 3475 exorsus.

203 3500 216 3550 t
292 3492 352 3553 xl..
381 3496 440 3565 „Si
455 3514 523 3558 eum
535 3497 711 3567 exercitum,
727 3495 851 3569 milites,
868 3496 1068 3558 educeremin
1083 3494 1185 3563 aciem,
