2575 4067
242 249 306 312 260
439 263 534 306 nmen
547 263 625 306 xm.
644 262 714 305 cir.
732 248 760 303 t.
771 250 797 301 7.
813 239 852 322 [e.
867 265 897 304 u.
912 264 939 304 c.
952 240 1014 324 5³7]

215 419 397 490 trapessere
415 411 514 489 lugam
528 406 682 488 inpulerit,
707 427 781 488 quae
794 408 847 470 ubi
864 411 998 469 inmensa
1013 426 1047 469 ac
1068 410 1134 470 sine
1151 428 1211 490 spo

244 501 322 565 erat,
336 501 387 555 aut
401 491 604 555 deficientibus
619 494 724 554 animis
740 492 952 553 hauriebantur
972 491 1139 571 gurgitibus
1155 501 1211 556 aut

243 578 421 657 nequiquam
443 576 512 639 fessi
533 574 605 637 vada
627 584 709 637 retro
734 577 898 655 aegerrime
922 574 1097 653 repetebant
1115 585 1209 656 atque

242 659 284 721 ibi
299 659 336 721 ab
356 662 497 739 ingressis
514 676 619 739 aquam
641 660 769 720 hostium
786 657 932 738 equitibus
952 660 1062 737 passim
1076 660 1209 721 mucida·

213 743 358 805 obanter.
393 742 534 805 sexmilia
551 742 645 804 ferme
656 743 746 822 primi
757 743 883 821 agminis
898 760 952 822 per
963 741 1102 803 adversos
1111 742 1209 807 hostis

243 829 398 907 eruptione
413 828 529 906 inpigre
540 825 631 896 iacta,
649 827 746 905 ignari
761 827 907 895 omnium,
922 843 997 904 quae
1011 834 1080 904 post
1090 843 1123 886 se
1135 843 1207 905 age·

243 919 364 981 rentur,
381 929 418 972 ex
432 909 508 972 saltu
523 926 656 979 evasere,
673 917 711 980 et,
727 926 794 970 cum
810 910 842 969 in
857 905 970 969 tumulo
985 908 1112 987 quodam
1132 927 1206 970 con·

243 995 400 1065 stitissent,
418 992 578 1054 clamorem
593 991 681 1053 modo
693 1009 727 1053 ac
747 1010 853 1053 sonum
872 1008 1022 1053 armorum
1038 991 1205 1065 audientes,

244 1088 319 1157 quae
340 1076 458 1140 lorium
478 1093 594 1156 pugnae
619 1083 710 1146 esset,
739 1093 835 1155 neque
855 1076 932 1135 scire
951 1092 1007 1135 nec
1032 1076 1207 1156 perspicere

214 1166 314 1240 iprae
328 1159 453 1239 caligine
472 1168 619 1238 poterant.
649 1158 789 1219 inclinata
805 1156 933 1237 denique
954 1176 989 1219 re
1006 1176 1074 1219 cum
1091 1158 1205 1221 incale·

243 1252 344 1305 scente
363 1243 426 1306 sole
444 1242 572 1322 dispulsa
590 1240 698 1303 nebula
715 1243 878 1322 aperuisset
892 1241 985 1311 dem,
1009 1250 1072 1302 tum
1093 1241 1207 1322 liquide

242 1328 300 1387 iam
315 1325 381 1389 luce
396 1334 510 1388 montes
526 1328 680 1406 campique
695 1325 825 1405 perditas
839 1342 888 1386 res
908 1333 1089 1404 stratamque
1104 1334 1205 1388 osten·

201 1409 315 1471 tedere
336 1410 422 1471 foede
441 1410 602 1471 Romanam
624 1410 727 1470 aciem.
769 1410 882 1488 itaque,
911 1425 950 1468 ne
974 1409 1005 1468 in
1029 1421 1206 1488 conspectos

241 1492 346 1572 procrd
369 1494 569 1554 inmitteretur
590 1510 696 1571 eques,
722 1489 844 1552 sublatis
870 1493 977 1571 raptim
997 1492 1090 1570 signis
1114 1511 1205 1572 quam

201 1581 231 1632 11
245 1577 413 1638 citatissimo
427 1582 565 1655 poterant
579 1576 696 1653 agmine
707 1593 772 1635 seso
783 1573 984 1655 abripuerunt
1013 1583 1135 1654 postero
1146 1576 1202 1647 die,

243 1677 310 1720 cum
336 1675 425 1736 super
445 1664 544 1718 cetera
562 1665 693 1719 extrema
718 1658 809 1718 lomes
837 1660 925 1719 etiam
947 1661 1085 1730 instaret,
1112 1659 1204 1721 iidem

243 1736 330 1801 danie
352 1738 536 1811 Maharbale,
562 1742 613 1819 qui
639 1759 705 1802 cum
731 1741 868 1804 omnibus
894 1740 1080 1821 equestribus
1109 1744 1202 1822 copiis

242 1831 329 1884 nocte
356 1830 531 1885 consecutus
552 1831 629 1894 erat,
656 1826 681 1885 si
703 1843 785 1885 arma
804 1824 1008 1896 tradidissent,
1031 1824 1115 1885 abire
1135 1844 1202 1887 cum

201 1913 233 1966 12
241 1905 364 1985 singulis
389 1907 569 1968 vestimentis
594 1925 763 1987 passurum,
791 1927 857 1969 sese
886 1908 1072 1970 dediderunt.
1127 1927 1202 1988 quae

241 1990 353 2053 Punica
367 1989 511 2070 religione
526 2000 640 2052 serrata
662 1991 734 2051 fides
748 1990 784 2052 ab
798 1990 962 2053 Hannibale
977 1999 1036 2062 est,
1062 1999 1151 2072 atque
1172 1994 1203 2053 in

240 2074 355 2136 rinauta
370 2092 473 2136 omnes
487 2075 621 2135 coniecit.

212 2165 226 2214 1
302 2157 362 2219 vil.
395 2159 474 2220 llaec
492 2166 536 2219 est
552 2157 660 2219 nobilis
681 2156 717 2218 ad
735 2158 971 2219 Trasumennum
994 2176 1093 2238 pugna
1114 2168 1202 2239 atquc

212 2244 317 2304 tinter
333 2259 442 2321 paucas
456 2250 618 2303 memorata
629 2240 732 2321 populi
746 2242 870 2303 Romani
885 2240 992 2304 clades.
1031 2243 1202 2321 quindecim

240 2325 321 2386 milia
335 2324 535 2389 Romanorum
550 2326 581 2385 in
596 2327 659 2386 acie
676 2341 775 2395 caesa;
798 2324 901 2386 decem
915 2325 994 2386 milia
1008 2344 1111 2405 sparse
1132 2326 1201 2405 lugu

240 2426 433 2489 peromnem
460 2408 607 2470 Etruriam
628 2408 751 2469 dirersis
767 2408 922 2470 itineribus
942 2408 1048 2470 urbem
1074 2411 1200 2488 petiere

212 2492 298 2553 tduo
316 2492 397 2552 milia
415 2492 568 2570 quingenti
589 2492 717 2553 hostium
732 2493 764 2551 in
781 2494 858 2562 acie,
873 2491 958 2553 multi
978 2500 1080 2573 postea
1095 2495 1201 2554 utrim-

241 2591 297 2652 que
320 2590 356 2634 ex
381 2573 549 2634 vulneribus
573 2576 700 2654 periere.
748 2574 901 2654 multiplex
921 2575 1026 2637 caedes
1049 2578 1201 2656 utrimque

210 2656 315 2715 electa
327 2654 454 2716 traditur
467 2655 504 2715 ab
522 2655 599 2718 aliis:
621 2674 691 2734 ego,
712 2658 1011 2738 praeterquamquod
1031 2658 1106 2719 nibil
1126 2659 1200 2720 hau·

238 2746 316 2799 stum
328 2755 365 2798 ex
377 2736 561 2808 ranovelim,
580 2757 639 2818 quo
651 2741 739 2800 nimis
749 2739 892 2802 inclinant
902 2741 996 2802 ierme
1006 2740 1200 2806 scribentium

239 2821 343 2891 animi,
370 2818 492 2881 Fabium
515 2820 667 2900 aequalem
688 2823 871 2902 temporibus
889 2824 1010 2886 huiusce
1030 2823 1118 2897 belli,
1146 2844 1201 2904 po2

210 2905 384 2967 ctissimum
399 2911 549 2966 auctorem
571 2903 669 2966 habui.
700 2906 846 2967 llauuibal
861 2909 1056 2987 captivorum,
1079 2910 1130 2988 qui
1144 2909 1186 2970 ta

237 2990 292 3049 tini
307 2989 436 3050 nominis
450 2995 562 3058 essent,
579 2990 642 3050 sine
658 2990 754 3069 pretio
774 2989 914 3060 dimissis,
933 2991 1073 3053 Romanis
1088 2994 1119 3052 in
1135 2993 1199 3053 rin·
1283 3041 1285 3066 ,

238 3071 303 3133 cula
319 3071 408 3144 datis,
431 3078 583 3148 segregata
606 3090 641 3131 ex
662 3073 790 3132 hostium
813 3082 1051 3135 coacervatorum
1072 3073 1200 3136 cumulis

237 3173 362 3235 corpora
384 3172 505 3217 suorum
526 3171 592 3215 cum
619 3154 738 3235 sepeliri
761 3157 906 3229 iussisset,
935 3156 1060 3220 Flamini
1080 3175 1199 3237 quoque

237 3256 345 3318 eorpus
361 3239 475 3300 funeris
489 3254 576 3298 causa
593 3256 697 3318 magna
713 3256 780 3300 cum
796 3257 866 3302 cura
880 3242 1052 3322 inquisitum
1070 3258 1131 3302 non
1152 3243 1199 3302 in·

203 3323 408 3466 oveniltlomae
434 3408 470 3469 ad
492 3410 621 3487 primum
643 3409 777 3469 nuntmm
799 3409 890 3470 cladis
908 3411 970 3470 eius
994 3427 1061 3471 cum
1082 3411 1198 3489 ingenti

236 3491 351 3546 terrore
366 3506 402 3548 ac
424 3491 550 3555 tumultu
567 3508 726 3552 concursus
746 3493 777 3551 in
798 3491 894 3554 lorum
916 3491 1017 3573 populi
1031 3501 1076 3554 est
1091 3492 1195 3555 lactus¹
