2575 4067
208 200 269 263 ³08
347 213 439 254 arana
455 211 532 253 xxm.
547 210 614 253 oua.
629 198 675 252 52.
689 196 733 249 iit.
748 196 792 252 bi.
812 189 851 268 [a.
870 209 900 249 u.
917 210 943 249 c.
957 189 1018 269 aas]

208 360 300 431 Busa,
316 375 425 437 genere
443 357 521 419 clara
534 375 568 419 ac
584 357 704 426 divitiis,
723 353 877 415 moenibus
893 360 1005 415 tantum
1020 354 1167 433 tectisque

207 462 224 505 a
246 443 398 504 Canusinis
418 448 561 522 acceptos,
579 440 727 502 irumento
750 445 829 499 veste
845 438 950 497 viatico
973 437 1060 498 etiam
1082 434 1164 508 lavit,

206 544 261 605 pro
280 543 337 608 qua
358 526 386 587 ei
404 524 603 586 munfflcenua
625 530 727 601 postea
746 519 825 581 bello
845 520 978 600 perlecto
1000 519 1037 581 ab
1060 528 1166 581 senatu

179 611 333 672 thonores
349 608 441 670 habiti
456 616 533 670 sunt.
570 606 642 668 llll.
677 606 812 668 Ceterum
829 621 895 665 cum
905 603 947 663 ibi
962 602 1071 664 tribuni
1087 603 1167 664 mili-

177 702 266 754 ttum
283 700 420 772 quattuor
441 699 552 761 essent,
575 689 683 752 Fabius
704 688 847 750 Maximus
868 687 904 747 de
920 687 1035 766 legione
1055 684 1165 766 prima,

208 777 290 838 cuius
304 785 389 856 pater
403 777 505 855 priore
522 792 598 835 anno
614 774 740 834 dictator
755 772 867 841 iuerat,
886 779 916 831 et
935 770 972 832 de
986 769 1102 849 legione
1117 789 1166 833 se·

206 859 301 921 cunda
322 860 353 921 L.
369 857 516 920 Publicius
530 855 652 918 bibulus
674 864 704 917 et
722 856 755 918 P.
776 854 930 917 Cornelius
956 854 1054 934 Scipio
1076 864 1106 915 et
1128 856 1166 916 de

179 943 321 1022 tlegione
336 943 422 1004 tertia
442 943 496 1022 lp.
515 939 651 1004 Claudius
674 938 817 1008 Pulcher,
837 940 888 1018 qul
908 940 1042 1017 proxime
1062 938 1167 999 aedilis
1280 971 1281 1024 q

206 1026 315 1097 iuerat,
333 1026 462 1087 omnium
475 1042 620 1087 consensu
631 1023 668 1085 ad
682 1023 715 1086 P.
729 1023 896 1103 Scipionem
908 1020 1065 1082 admodum
1081 1024 1168 1084 odo·
1280 1067 1281 1070 ,

205 1113 358 1172 lescentem
382 1116 412 1171 et
424 1110 467 1169 ad
488 1110 541 1189 dp.
563 1107 715 1171 Claudium
730 1124 844 1167 summa
865 1105 971 1184 imperi
987 1103 1082 1167 delata
1108 1115 1166 1166 est.
1280 1111 1281 1150 i

177 1193 312 1273 aquibus
326 1191 557 1255 consultantibus
577 1192 655 1252 inter
666 1207 776 1271 paucos
790 1189 827 1250 de
842 1206 956 1250 summa
969 1205 1072 1249 rerum
1087 1207 1167 1250 nun·
1280 1231 1281 1236 η

206 1278 259 1338 tiat
277 1277 310 1338 P.
331 1277 437 1338 Furius
461 1274 576 1346 Philus,
603 1272 766 1335 consularis
789 1274 844 1333 viri
868 1271 958 1344 iilius,
984 1273 1167 1351 nequiquam

207 1377 257 1421 eos
279 1359 424 1440 perditam
450 1377 533 1440 spem
553 1358 668 1428 fovere;
692 1356 877 1436 desperatam
903 1354 1166 1436 conploratamque
1280 1369 1281 1436 p

177 1449 268 1505 crem
292 1461 355 1504 esse
376 1442 540 1535 publicam:
565 1440 679 1502 nobiles
706 1442 826 1502 iuvenes
851 1438 1007 1519 quosdam,
1036 1456 1166 1519 quorum

206 1528 370 1607 principem
384 1527 417 1587 L.
431 1524 587 1588 Caecilium
598 1523 762 1594 Metellum,
777 1542 859 1584 mare
870 1542 905 1585 ac
916 1540 1004 1584 naves
1017 1531 1165 1602 spectare,

179 1614 239 1671 dut
263 1610 377 1671 desorto
400 1607 482 1669 ltalia
507 1607 543 1668 ad
565 1624 668 1685 regum
696 1606 821 1686 aliquem
841 1607 1046 1685 transfugiant.
1084 1607 1165 1686 quod

206 1692 323 1762 malum,
338 1698 545 1771 praeterquam
561 1698 654 1760 atrox,
669 1708 758 1770 super
770 1697 814 1750 tot
828 1689 925 1752 clades
940 1692 1027 1752 etiam
1043 1708 1168 1766 novum3

206 1793 272 1835 cnm
292 1786 412 1853 stupore
429 1791 464 1834 ac
477 1773 619 1835 miraculo
639 1773 772 1853 torpidos
793 1773 940 1836 defixisset
964 1775 1015 1854 qui
1030 1773 1164 1846 aderant,
1280 1775 1281 1834 ᾗ

205 1867 234 1919 et
246 1856 399 1920 corallium
408 1855 607 1918 advocandum
619 1856 869 1928 deeocenserent,
882 1864 970 1936 negat
981 1856 1085 1917 consili
1097 1875 1165 1919 rem

176 1947 269 2002 resse
284 1941 382 2020 Scipio
397 1941 525 2011 invems,
548 1939 642 2002 latalis
664 1941 724 2001 dux
746 1941 868 2002 huiusce
884 1940 963 2001 belli.
994 1940 1163 2003 audendum

205 2034 292 2104 atque
303 2024 464 2104 agendum,
479 2042 539 2086 non
554 2023 779 2086 consultandum
792 2025 833 2085 ait
846 2025 876 2085 in
891 2031 972 2086 tanto
987 2023 1065 2086 malo
1080 2042 1163 2086 esse:

204 2109 282 2169 irent
296 2126 397 2171 secum
413 2108 559 2187 extemplo
581 2110 701 2179 armati,
726 2108 861 2187 quirem
884 2106 1032 2188 publicam
1052 2107 1162 2170 salvam

176 2190 329 2263 avellent3
351 2190 430 2254 nulla
455 2193 566 2262 verius,
588 2208 677 2271 quam
698 2190 749 2252 ubi
770 2209 804 2252 ea
824 2192 1005 2271 cogitentur,
1032 2192 1162 2254 hostium

175 2281 299 2339 acastm
314 2293 389 2338 esse.
425 2277 525 2356 pergit
548 2276 592 2334 ire
613 2273 804 2354 sequentibus
826 2276 928 2353 paucis
950 2276 982 2336 in
1001 2275 1163 2355 hospitium

204 2359 312 2420 lletelli
327 2369 369 2430 et,
387 2377 454 2420 cum
467 2356 625 2420 concilium
635 2356 678 2418 ibi
692 2359 846 2429 iuvenum,
862 2357 1018 2441 dequibus
1032 2358 1163 2421 adlatum

205 2451 281 2513 erat,
296 2443 468 2514 invenisset,
484 2444 586 2503 stricto
600 2459 689 2521 super
710 2443 805 2522 capita
817 2440 1044 2504 consultantium
1064 2442 1163 2521 gladio

164 2531 269 2596 10„ex
285 2527 344 2586 mei
364 2527 454 2587 animi
466 2528 638 2587 sententia“
658 2527 767 2605 inqult,
790 2572 808 2597 „
816 2533 848 2586 ut
862 2542 916 2604 ego
934 2525 1162 2606 rempublicam
1280 2569 1281 2616 3

203 2607 306 2686 populi
316 2608 441 2670 Romani
452 2626 513 2669 non
524 2608 669 2678 deseram,
686 2626 781 2689 neque
792 2607 881 2671 alium
893 2609 986 2671 civem
996 2610 1163 2673 Romanum
1280 2629 1281 2644 *

163 2695 193 2747 11
205 2689 343 2750 deserere
357 2691 467 2769 patiar;
491 2692 517 2750 si
535 2691 632 2751 sciens
648 2690 733 2761 iallo,
759 2702 823 2754 tum
845 2710 894 2754 me
907 2692 1038 2773 luppiter
1051 2695 1164 2773 optime

205 2773 347 2844 mamma,
368 2771 496 2845 domum,
520 2771 662 2834 familiam
688 2792 811 2855 remque
832 2794 929 2838 meam
951 2777 1080 2856 pessimo
1101 2776 1163 2839 leto

164 2864 196 2916 12
205 2857 332 2920 adiicias.
354 2857 385 2918 in
400 2855 474 2918 baec
488 2855 586 2929 verba,
603 2857 635 2919 L.
652 2857 774 2931 Caecili,
790 2861 870 2921 iures
884 2859 1001 2938 postulo
1012 2862 1163 2942 ceterique

204 2943 255 3023 qui
265 2940 387 3012 adestls3
402 2941 453 3020 qui
466 2958 527 3002 non
541 2942 693 3015 lui-averia
711 2945 743 3004 in
754 2962 785 3003 se
795 2943 875 3004 hunc
886 2943 1016 3021 gladium
1026 2947 1162 3008 strictum

164 3032 196 3085 13
207 3043 271 3088 esee
289 3028 391 3088 sciat.“
418 3023 497 3088 haud
511 3043 596 3086 secus
609 3025 718 3105 pavidi,
743 3044 831 3106 quam
852 3027 1031 3089 sivictorcm
1049 3025 1161 3091 Hanni·

206 3108 302 3171 balcm
325 3116 495 3180 cernerent,
524 3110 622 3169 iurant
650 3127 753 3171 omnes
780 3109 1044 3191 custodiendosque
1068 3121 1162 3175 semet

205 3193 285 3271 ipsos
300 3193 431 3273 Scipioni
447 3192 577 3254 tradunt.

181 3281 195 3332 1
269 3276 339 3338 liv.
381 3276 424 3339 llo
457 3285 604 3357 tempore,
636 3296 696 3356 quo
733 3277 807 3340 haec
840 3278 957 3340 Canusii
988 3277 1161 3356 agebantur,

206 3359 362 3422 Venusiam
377 3360 414 3421 ad
427 3359 577 3421 consulem
594 3358 632 3420 ad
647 3369 785 3440 quattuor
798 3359 878 3423 milia
898 3370 928 3423 et
942 3362 1094 3441 quingenti
1107 3381 1161 3443 pe·

207 3441 282 3501 dites
298 3444 476 3538 equitesque,
494 3445 544 3522 qui
564 3445 659 3523 sparsi
680 3445 748 3524 iuga
766 3462 822 3526 per
839 3462 925 3524 agros
939 3445 1069 3516 inerant,
1091 3463 1160 3525 par-
