2575 4067
283 240 376 283 crana
389 221 479 281 nur:
494 240 562 282 oar.
580 210 622 281 18.
638 219 677 300 [a.
696 222 730 283 O.
748 220 808 302 216]
961 203 1025 290 ⁴33¹7

65 404 154 449 mum
176 403 322 466 quemque
340 404 357 448 e
374 403 460 446 muro
489 384 678 464 turribusque
700 387 773 445 ictos
795 388 900 449 amisit.
936 387 1054 450 semela

66 467 151 531 ultro
171 469 353 549 erumpentis
382 469 498 547 agmine
525 466 749 549 elephantorum
777 471 910 548 opposito
933 491 1025 551 prope

67 550 250 624 interclusit,
273 551 462 631 trepidosque
478 550 607 632 conpulit
627 553 658 613 in
680 550 785 613 urbem
800 553 869 614 satis
883 553 980 616 multis
994 564 1026 616 ut

15 671 18 675 2
68 653 108 696 ex
118 643 204 700 tanta
217 636 363 714 paucitate
377 634 550 697 interiectis
586 634 687 714 plures
709 634 897 707 cecidissent
923 638 954 696 ni
968 654 1026 699 nox

68 718 411 797 proeliolntervenisset.
435 726 554 798 postero
564 716 612 778 dre
622 720 755 780 omnlum
766 718 902 780 animiad
915 730 1053 798 oppug·t

69 802 203 863 nandum
219 800 434 874 accenduntur,
452 803 552 881 utique
566 810 720 881 postquam
736 818 846 863 corona
859 819 948 864 aurea
962 819 1026 863 mu·

69 884 143 946 ralis
158 885 349 963 propositast,
365 885 479 964 atque'
470 902 533 964 rpse
548 884 607 945 dux
623 883 733 946 castelli
753 883 839 963 plano
859 883 925 947 loco
940 884 1027 965 positi

70 967 1026 1129 tittultlltiltlllidfflltilltllddib‘dtllz:

70 1150 197 1193 monens
223 1133 441 1213 universosque
481 1069 672 1194 indleuvineae
694 1151 811 1212 qnoque
835 1142 957 1214 coeptae
982 1135 1056 1212 agit

71 1214 273 1295 cunicullque;
294 1233 349 1277 nec
368 1216 406 1277 ad
426 1219 522 1278 varios
545 1226 666 1278 conatus
685 1215 813 1277 bostium
834 1225 884 1278 aut
904 1219 947 1278 vls
968 1215 1055 1279 ullae

71 1308 124 1360 aut
139 1316 187 1359 ars
207 1298 323 1361 deerat.
340 1301 415 1360 socii
428 1300 626 1361 Romanorum
649 1299 868 1380 propugnacula
889 1300 1028 1362 adversus

74 1384 175 1442 vineas
197 1390 340 1453 statuere,
361 1385 536 1445 transversis
556 1382 699 1446 cuniculis
724 1383 851 1444 hostium
877 1383 1029 1454 cuniculos

72 1483 230 1610 illm
243 1465 1027 1631 destititltltlttttllt?tuddul:

73 1633 194 1693 munitis
210 1650 243 1692 ac
259 1632 406 1709 praesidio
421 1632 538 1695 modico
550 1634 695 1714 inposito
712 1652 749 1694 ne
762 1635 868 1695 omissa
883 1652 931 1695 res
949 1634 1026 1695 vide·

73 1722 169 1786 retur,
184 1717 216 1774 in
230 1715 354 1777 biberna
371 1719 525 1777 concessit.

135 1797 180 1858 Ibi
196 1806 311 1896 partem
321 1799 463 1858 maiorem
474 1799 578 1859 hiemis
594 1802 755 1861 exereitum
770 1802 900 1861 intectis
915 1749 1038 1871 habuis
1038 1808 1069 1860 to

74 1880 213 1944 adversus
224 1883 323 1941 omnia
333 1881 461 1942 bumana
475 1880 550 1941 mala
563 1900 651 1960 saepe
661 1899 696 1942 ac
711 1881 761 1942 diu
777 1883 922 1953 duratum,
940 1883 1026 1944 bonis

75 1967 261 2044 inexpertum
273 1972 359 2043 atque
370 1965 527 2025 insuetum
553 1959 731 2042 1taquequos
743 1963 828 2024 nulla
834 1963 904 2026 malr
916 1966 1026 2026 vicerat
1038 1973 1067 2025 ιι

76 2049 131 2118 ιιι,
139 2046 303 2127 perdidere
318 2048 408 2108 nimla
423 2046 502 2108 bona
521 2064 556 2107 ac
571 2046 733 2125 voluptates
748 2046 927 2117 inmodicae
947 2056 977 2108 et
992 2067 1027 2108 eo

75 2132 239 2211 inpensius,
253 2150 312 2210 quo
335 2131 446 2192 avidius
460 2149 496 2191 ex
513 2128 700 2191 insolentia
692 2146 723 2188 ιιι
744 2146 793 2189 eas
807 2147 840 2189 se
853 2139 1027 2191 merserant.

75 2232 194 2276 somnus
209 2215 288 2275 euim
306 2222 335 2276 et
351 2215 450 2276 viuum
466 2224 496 2276 et
517 2212 620 2292 epulae
636 2220 666 2272 et
685 2220 782 2273 scorta
803 2211 975 2291 balineaque
997 2221 1069 2274 etta

76 2301 166 2360 otium
184 2297 396 2359 consuetudine
414 2300 442 2359 in
458 2297 520 2359 dies
534 2296 669 2357 blandius
682 2297 722 2356 lta
736 2303 948 2357 enervaverunt
962 2313 1026 2356 οοι·
1110 2307 1114 2314 ’

76 2400 147 2462 pora
158 2382 344 2460 animosque,
361 2390 394 2441 ut
406 2383 499 2459 magis
511 2380 618 2441 delnde
631 2379 807 2458 praeteritae
823 2379 961 2441 victoriae
977 2397 1028 2442 eos

76 2483 161 2546 qnam
177 2472 348 2546 praesentes
365 2472 530 2525 tutarentur
548 2465 640 2532 vires,
663 2463 813 2541 maiusque
828 2462 858 2523 id
872 2472 1026 2541 peccatum
1038 2471 1069 2523 ta
1087 2461 1093 2472 '

76 2549 157 2610 ducis
178 2547 255 2628 apud
275 2549 386 2627 peritos
412 2550 519 2608 artium
542 2545 710 2608 militarium
740 2545 913 2618 baberetur,
939 2566 1026 2626 quam

42 2669 43 2672 =
76 2631 153 2712 quod
169 2650 229 2693 non
247 2650 284 2693 ex
298 2632 444 2695 monensi
461 2634 524 2693 acie
538 2632 672 2711 protinus
691 2627 728 2691 ad
749 2628 853 2692 urbem
866 2630 1028 2694 Romanam

78 2714 219 2776 duxisset
245 2714 295 2776 llla
315 2716 393 2778 enlm
415 2718 561 2778 cunctatio
588 2713 735 2776 distulisse
759 2715 847 2776 modo
876 2716 1027 2777 victoriam

78 2796 167 2856 videri
193 2799 302 2875 potuit,
327 2798 377 2858 bic
397 2817 481 2859 error
510 2801 588 2872 vires
609 2797 752 2858 ademisse
779 2797 817 2857 ad
840 2797 1026 2857 vincendum

79 2880 175 2956 itaque
189 2877 324 2949 hercule,
340 2880 456 2942 velut
434 2898 458 2941 s1
474 2898 541 2941 cum
556 2880 613 2941 alio
630 2880 761 2939 exercitu
778 2897 794 2938 a
809 2878 906 2956 Capua
923 2881 1071 2950 exiretis

79 2960 285 3039 nibilusquam
298 2964 440 3040 pristinae
454 2961 625 3042 disciplinae
646 2959 749 3020 tenuit.
790 2977 858 3020 nam
880 2970 909 3020 et
928 2960 1025 3021 redie-
1039 2968 1071 3021 td

79 3053 146 3106 runt
159 3044 293 3125 plerique
307 3047 412 3106 scortis
421 3045 559 3125 inpliciti,
572 3051 616 3115 et,
630 3042 681 3103 ubi
691 3044 819 3121 primum
834 3042 887 3103 sub
903 3041 1029 3122 pellibus

79 3127 180 3190 haberi
195 3129 293 3211 coepti
304 3136 386 3200 sunt,
401 3130 506 3209 viaque
521 3136 551 3189 et
564 3127 638 3190 alicus
652 3124 786 3186 militaris
800 3124 885 3186 labor
902 3128 1028 3206 excepit,

79 3215 206 3274 ιιιοιιιιιιι
216 3202 304 3273 modo
316 3212 490 3291 corporibus
499 3212 662 3290 amnisque
673 3208 862 3277 deficiebant
877 3217 907 3270 et
921 3209 1027 3270 deinde
1039 3216 1073 3269 tt

80 3314 130 3375 per
151 3314 239 3359 omne
257 3295 433 3357 aestivorum
453 3305 568 3375 tempus
587 3311 694 3374 magna
713 3311 783 3373 pars
802 3293 1029 3354 sineeommea·

80 3378 154 3441 tibus
172 3379 209 3442 ab
229 3381 322 3458 signis
340 3378 561 3451 dilabebantur,
585 3396 682 3458 neque
706 3375 780 3438 aliae
796 3374 925 3438 latebrae
943 3393 1030 3456 quam

80 3461 173 3541 capua
189 3462 389 3526 desertoribus
405 3471 498 3525 crant.

120 3578 256 3612 meeum
242 3580 309 3613 PARS
328 3579 360 3615 11.
789 3547 829 3608 ῃ
