2575 4067
283 252 375 292 omna
388 252 464 294 mr.
480 252 547 293 our.
563 241 606 293 59.
620 234 660 313 [e.
675 237 710 296 C.
724 235 793 315 2161.
951 241 1011 304 31³

60 408 112 460 est.
145 416 269 476 quorum
288 399 427 477 princeps
442 398 480 459 Μ.
495 399 595 459 lunius
614 407 740 478 „patres
761 402 944 481 conscrlpd“
965 402 1010 464 ln·

59 482 138 560 quit,
155 501 269 552 „nemo
284 490 420 543 nostrum
437 482 552 559 ignorat
567 480 640 542 nulli
655 500 794 560 umquam
809 485 916 544 civitati
931 483 1011 545 vilic·

58 582 107 624 res
122 564 211 627 luisse
226 566 354 645 captivos
368 582 456 643 quam
471 575 605 634 nostrae;
621 573 766 636 ceterum,
782 567 838 626 nlsl
849 564 933 627 nobis
948 566 1039 646 pluss

58 647 133 708 iusto
148 658 247 709 nostra
263 648 359 727 placet
371 665 472 717 causa,
499 666 558 708 non
579 647 628 708 alil
643 667 782 728 umquam
796 650 893 709 nunus
914 649 1006 726 negle-

57 731 145 809 gendi
166 731 247 793 vobis
273 749 359 809 qnam
379 748 433 791 nos
459 732 490 791 in
515 732 643 793 hostium
662 739 836 810 potestatem
857 742 1010 793 venerunt.

58 831 117 873 non
133 815 211 874 enim
224 815 257 874 in
271 815 334 874 acie
350 831 404 893 per
419 814 554 876 timorem
568 833 650 876 mma
668 814 854 885 tradidimus,
874 814 926 875 sed
944 834 1010 876 curn
1023 824 1040 875 1

57 914 150 975 prope
162 896 198 956 ad
214 904 331 957 noctem
345 905 543 975 superstantes
554 896 678 959 cumulis
690 916 843 959 caesorum
854 915 1011 978 corporum

54 978 201 1057 proelium
222 980 460 1049 exmaxissemus,
491 982 522 1040 in
545 989 640 1042 castra
668 982 833 1059 recepimus
858 1000 927 1051 nos;
953 981 1037 1041 dieis

56 1060 203 1139 reliquum
215 1079 249 1123 ac
260 1071 378 1124 noctem
389 1064 592 1142 insequentem
604 1064 674 1125 lessi
685 1064 786 1125 labore
797 1082 831 1126 ao
842 1063 1011 1125 mineribus

59 1142 162 1205 rallnm
189 1163 289 1211 sumus
314 1147 412 1215 muti:
437 1154 556 1225 postero
583 1147 644 1218 die,
672 1166 738 1208 cnm
763 1148 947 1209 circumsessi
974 1146 1038 1208 ahu

55 1229 186 1289 exercitu
201 1229 310 1289 victore
331 1247 405 1308 aqua
424 1237 607 1300 arceremur,
635 1248 691 1291 nec
709 1229 767 1290 ulla
788 1231 919 1310 iamper
939 1248 1009 1291 con·

54 1310 147 1372 iertos
163 1310 256 1372 hostis
272 1313 445 1391 erumpendi
467 1331 534 1391 spes
548 1323 639 1382 esset,
663 1332 717 1374 nec
735 1331 799 1373 esse
819 1313 900 1375 nelas
922 1313 1009 1374 ducc-

52 1411 155 1453 remus
170 1395 380 1473 quinquaginta
394 1394 512 1456 milibus
531 1396 684 1457 hominnm
700 1415 737 1457 ex
752 1397 813 1456 acie
828 1408 927 1458 nostra
948 1406 1009 1457 tru-

53 1476 156 1537 cidatis
173 1476 299 1556 aliquem
313 1497 349 1538 ex
364 1478 510 1539 Cannensi
530 1496 629 1557 pugna
642 1479 808 1540 Romanum
825 1479 947 1541 militem
960 1499 1008 1541 re·

52 1570 146 1632 stare,
169 1569 239 1621 tunc
261 1560 378 1622 demum
398 1562 476 1640 pacti
501 1579 602 1623 sumus
622 1563 766 1640 pretinm,
788 1581 846 1640 quo
865 1562 1039 1642 redemptio

53 1643 283 1714 dimitteremur,
299 1662 396 1714 arma,
412 1644 443 1704 in
456 1643 561 1724 quibus
572 1644 645 1706 nihil
656 1647 715 1707 iam
725 1645 826 1706 auxilii
837 1654 914 1717 erat,
932 1647 1010 1708 hosti

53 1725 234 1788 tradidimus.
263 1729 390 1788 maiores
406 1746 521 1807 quoque
538 1746 745 1808 acceperamus
758 1746 791 1789 ss
805 1728 922 1790 aCallis
937 1748 1008 1792 auro
1021 1735 1037 1786 7

53 1810 228 1881 redemisse,
251 1818 280 1870 et
299 1818 399 1889 patres
419 1819 545 1880 vestros,
569 1813 747 1888 asperrimos
768 1810 834 1873 illos
855 1812 892 1873 ad
907 1814 1008 1874 condl·

51 1892 184 1953 diciones
200 1894 295 1972 pacis,
320 1892 431 1970 legatos
451 1901 550 1953 umen
567 1894 748 1971 captivorum
769 1894 1007 1957 redimendorum

51 1977 147 2053 gratia
164 1975 324 2036 Tarentum
338 1976 462 2036 unisse.
496 1976 576 2053 atqui
590 1984 619 2035 et
636 1974 673 2034 ad
685 1974 779 2036 Aliam
795 1994 862 2036 cum
875 1976 963 2038 Callis
979 1983 1036 2038 618

51 2056 90 2118 ad
106 2058 279 2119 Heracleam
294 2078 361 2119 oum
376 2057 490 2138 Pyrrho
504 2067 627 2136 unaque
642 2075 702 2117 non
715 2066 778 2118 tam
794 2056 876 2118 clade
889 2059 1008 2121 ininmis

51 2158 141 2220 quam
156 2159 264 2220 pavore
276 2150 305 2202 et
322 2142 390 2219 iuga
405 2159 502 2221 pugna
518 2141 580 2200 luit.
610 2140 771 2201 Cannensis
782 2157 900 2218 campos
913 2142 1008 2202 acerui

51 2225 254 2285 Romanorum
276 2242 433 2304 corporum
453 2231 568 2302 tegunt,
593 2240 650 2282 nec
673 2240 863 2301 supersumus
882 2240 1007 2303 pugnae,

52 2307 110 2367 nisi
124 2306 156 2365 in
174 2306 279 2386 quibus
294 2306 474 2367 trucidandis
488 2316 517 2367 et
532 2306 644 2366 lerrum
662 2313 691 2366 61
706 2306 782 2366 uires
798 2305 913 2367 hostem
928 2305 1008 2366 dele·

53 2394 167 2449 cerunt.
199 2397 268 2450 sunt
283 2390 369 2450 etiam
384 2389 421 2449 de
434 2390 542 2449 nostris
557 2388 689 2469 qnidam,
709 2390 760 2468 qui
773 2407 810 2449 ne
824 2390 856 2448 in
871 2390 933 2449 acie
946 2389 1009 2468 qui·
1020 2396 1052 2447 9,

52 2471 121 2531 dem
140 2471 328 2550 refugerunt,
350 2471 402 2532 sed
415 2472 563 2551 praesidio
578 2473 681 2533 castris
696 2470 804 2542 relicti,
828 2491 895 2533 cum
913 2480 1009 2532 castra

52 2554 247 2626 traderentur,
259 2554 762 2635 inpotestatembostiumveneruut.
784 2555 1043 2635 haudeqnidemtu

53 2636 139 2699 ullius
150 2640 219 2699 ciris
234 2647 264 2700 et
277 2638 483 2701 commilitonis
497 2639 631 2701 fortunae
646 2647 695 2700 aut
707 2639 871 2700 condicioni
881 2640 1006 2710 invideo,

51 2739 107 2781 neo
126 2723 289 2801 premendo
308 2723 397 2785 alium
419 2740 467 2784 me
488 2723 625 2785 extulisse
639 2722 739 2784 velim:
765 2741 802 2784 ne
822 2722 865 2783 llli
878 2724 1006 2803 quidem,

52 2805 109 2864 nlsi
129 2808 311 2883 pernicitatis
332 2806 440 2886 pedum
456 2815 486 2866 et
506 2825 610 2867 cursus
636 2805 751 2885 aliquod
770 2806 933 2884 praemium
954 2815 1006 2873 est,

53 2887 104 2965 qui
125 2886 259 2967 plerique
277 2891 406 2949 inermes
426 2907 462 2949 ex
482 2890 545 2950 acie
570 2889 715 2965 lugientes
735 2905 795 2945 non
816 2887 897 2965 prius
919 2905 1006 2966 quam

52 2969 195 3031 Venusiae
215 2977 264 3030 out
280 2971 385 3032 Canusi
404 2973 613 3038 constiterunt,
637 2987 670 3029 se
691 2967 776 3028 nobis
795 2969 901 3027 merito
921 2986 1006 3046 prae·

52 3051 174 3114 tulerint
188 3053 359 3133 gloriatique
374 3053 476 3114 sintin
490 3073 521 3114 se
536 3053 700 3132 plusquam
716 3052 748 3112 in
761 3050 906 3111 nobismet
921 3070 1006 3130 prae·

52 3136 118 3197 sidii
132 3137 177 3197 rei
199 3135 334 3216 publicae
349 3154 423 3197 esse.
454 3135 506 3196 sed
529 3143 559 3196 61
578 3134 637 3195 illis
651 3135 736 3195 bonis
750 3152 784 3195 ac
806 3132 930 3195 sortibus
949 3135 1003 3194 mi·
1018 3141 1046 3192 11

51 3218 151 3281 litibus
173 3220 294 3281 utemini
315 3227 345 3280 et
367 3218 453 3280 nobis
474 3221 561 3280 etiam
579 3217 809 3298 promptioribus
829 3236 884 3296 pro
903 3218 1007 3296 patria,

56 3302 289 3382 quodrbeneiicio
307 3313 403 3364 vestro
418 3302 564 3381 redempti
578 3310 665 3379 etque
683 3303 714 3360 in
737 3301 861 3380 patriam
881 3301 1008 3361 restituti

53 3384 204 3450 fuerimus.
247 3385 384 3449 dilectum
403 3405 439 3447 ex
459 3387 539 3447 omni
567 3391 661 3446 aetate
683 3392 712 3444 61
736 3385 854 3445 fortuna
876 3381 1004 3452 habetis;
1019 3392 1050 3444 1²

54 3476 119 3530 octo
139 3471 218 3533 milia
239 3490 391 3534 servornm
410 3470 495 3531 audio
516 3469 633 3531 armari.
670 3486 729 3528 non
749 3470 846 3529 minor
868 3484 1009 3529 numerus
