2575 4067
241 246 304 309 264
430 259 523 302 mun
537 260 615 304 mr.
631 259 701 303 cnr.
720 249 748 302 4.
762 247 789 302 5.
805 237 845 321 [ι.
860 260 892 302 ιι.
905 255 934 302 t.
949 238 1012 320 adl]

240 416 331 470 terest
350 413 543 488 perangusta,
564 406 644 469 reiut
663 406 701 468 ad
722 408 758 468 id
776 407 873 487 ipsum
888 405 925 467 de
937 403 1083 469 indusuia
1098 406 1212 471 relicto

241 493 352 572 spatio:
380 490 488 553 delude
506 490 594 571 paulo
612 489 699 553 latior
719 492 843 570 patescit
862 507 998 569 camptu:
1022 490 1093 551 inda
1113 490 1211 553 colico

212 576 411 656 tadmrgunt.
443 573 485 635 ibi
499 582 596 637 castra
609 575 642 635 in
658 581 760 653 aperto
775 573 866 645 locat,
887 572 1023 653 ubi·lpse
1044 592 1112 635 cum
1123 574 1210 637 atris

241 659 329 722 modo
344 659 540 741 Hispanisque
554 656 737 727 consideret;
760 656 892 719 Baliares
905 663 1094 737 ceteramque
1108 655 1210 721 lovem

241 739 1002 821 armaturampostmontiscircumducit3equltesad
1013 741 1092 821 ipsas
1102 740 1209 804 lauces

240 825 330 889 saltus
342 823 463 888 tumulis
479 832 547 906 apto
559 824 727 904 tegentibus
741 822 832 895 locat,
850 831 896 894 ut,
910 822 962 885 ulti
973 825 1207 886 intrassenllio·
1284 836 1285 841 ’

240 912 333 980 mani,
360 909 476 970 obiecto
498 910 629 990 equitatu
650 906 748 970 clausa
772 908 871 970 omnia
895 906 961 969 lecu
990 925 1025 969 ac
1053 908 1207 971 montibus

212 1086 229 1136 4
242 1001 463 1139 emililltumtnius
479 1093 546 1138 cum
559 1075 655 1156 pridie
669 1075 740 1137 solis
758 1092 865 1137 occasu
879 1074 917 1136 ad
935 1073 1033 1141 lacum
1048 1078 1205 1155 pervenis·

108 1202 112 1209 -
239 1168 298 1232 set,
320 1160 505 1242 inexplorato
524 1168 644 1239 postero
667 1158 714 1221 die
733 1159 852 1221 dudum
874 1160 945 1221 satis
958 1165 1039 1220 certa
1061 1158 1130 1221 luce
1153 1178 1206 1221 an·

241 1245 345 1324 gustlis
359 1245 518 1326 superatis,
534 1251 691 1324 postquam
705 1244 737 1304 in
750 1243 949 1323 patentiorem
960 1260 1097 1323 eampum
1112 1245 1205 1323 pandi

239 1344 346 1407 agmen
362 1329 477 1409 coepit,
498 1326 530 1387 id
545 1334 659 1389 tantum
678 1327 822 1397 hostium,
843 1326 923 1406 qarod
939 1344 975 1388 ex
989 1326 1113 1388 adverso
1130 1335 1203 1398 erat,

240 1413 406 1492 conspexit3
432 1411 468 1473 ab
494 1417 579 1490 tergo
608 1429 643 1473 ac
667 1428 758 1491 super
772 1408 891 1491 caput‘
910 1409 1052 1490 deceptae
1066 1411 1203 1474 insidiae.

210 1493 354 1557 tPoenus
369 1494 434 1565 ubi,
455 1494 487 1554 id
501 1494 581 1575 quod
600 1496 743 1575 petierat,
766 1493 898 1556 clauum
912 1492 979 1556 lacu
996 1512 1031 1556 ac
1052 1495 1203 1557 montibus

238 1584 269 1639 et
281 1577 492 1639 circumfusum
507 1579 568 1638 suto
583 1580 675 1657 copiis
694 1578 798 1640 hahuit
817 1576 948 1648 loten,
969 1579 1087 1658 signum
1105 1581 1202 1641 canni

198 1659 292 1723 ‘thus
306 1662 355 1722 dat
375 1660 462 1721 simui
482 1660 649 1722 invadendi.
682 1664 734 1742 qui
755 1660 808 1722 uhi
829 1679 886 1740 qua
902 1663 1009 1743 cuique
1026 1663 1200 1743 ,proximum

238 1743 295 1805 luit
310 1743 557 1813 decucurrerunt,
574 1762 611 1804 eo
626 1746 720 1824 magis
734 1744 874 1807 RomanIs
888 1744 985 1807 subita
995 1752 1083 1827 aquia
1094 1747 1201 1827 inpro-

237 1826 298 1888 visa
313 1843 362 1888 res
377 1826 446 1896 luit,
463 1826 543 1907 quod
558 1834 622 1888 orta
637 1847 674 1890 ex
688 1829 754 1891 lacu
770 1827 878 1890 nebula
892 1846 998 1909 campo
1012 1846 1101 1910 quam
1114 1848 1201 1891 mon·

238 1909 316 1971 tibus
330 1909 449 1972 densior
462 1910 594 1984 sederat,
610 1915 786 1993 agminaque
798 1913 926 1974 hosticum
940 1931 975 1974 ex
990 1912 1128 1994 pluribus
1138 1915 1201 1978 col·

238 1990 317 2057 libus
344 1995 407 2075 ipsa
430 1996 509 2057 inter
534 2012 567 2057 se
586 1998 656 2058 satis
677 2003 834 2077 conspecta
852 2014 946 2077 eoque
971 1998 1065 2077 magis
1089 1999 1201 2077 pariter

209 2076 478 2141 tdecueurrerant.
536 2079 686 2141 Romanus
711 2080 840 2141 clamore
867 2082 950 2160 prius
975 2082 1107 2161 undique
1133 2088 1200 2144 orto

237 2180 325 2242 quam
347 2164 417 2225 satis
432 2171 571 2225 cerneret
584 2182 616 2226 se
630 2166 862 2226 cirumventum
877 2182 942 2226 esse
957 2167 1062 2236 sensit,
1085 2173 1115 2226 et
1132 2174 1202 2228 anto

236 2248 267 2307 in
282 2246 411 2310 frontem
424 2245 575 2328 lateraque
589 2250 717 2327 pugnari
732 2255 869 2328 coeptum
883 2258 941 2319 est,
958 2267 1046 2328 quam
1063 2250 1136 2310 satis
1155 2251 1201 2310 in·
1284 2287 1286 2292 η

237 2338 402 2392 strueretur
412 2332 490 2393 acics
498 2338 549 2392 aut
560 2331 693 2410 expediri
704 2346 786 2392 arma
796 2332 959 2412 stringique
970 2332 1059 2410 gladii
1066 2342 1200 2412 possent

209 2413 268 2475 ιν.
302 2412 411 2477 Consul
432 2414 576 2494 percuisis
590 2415 727 2476 omnibus
742 2416 806 2495 ipse
823 2417 907 2485 satis,
925 2424 958 2478 ut
977 2417 1009 2476 in
1022 2433 1058 2477 re
1074 2417 1200 2496 trepida,

235 2497 389 2576 inpavidus
409 2497 543 2560 turbatos
563 2498 683 2561 ordines
703 2505 837 2561 vertente
858 2516 891 2560 se
911 2518 1029 2580 quoque
1047 2500 1087 2567 ad
1105 2499 1200 2562 disso-

236 2596 291 2640 nos
305 2579 450 2642 clamores
463 2582 596 2652 instruit,
612 2592 647 2644 ut
658 2590 774 2662 tempus
789 2582 930 2663 locusque
940 2585 1051 2663 patitur
1065 2592 1111 2656 et,
1126 2601 1199 2664 quo·

236 2679 363 2741 cumque
387 2662 469 2723 odire
490 2663 643 2744 audirique
662 2673 775 2744 potest,
804 2667 977 2729 adhortatur
997 2684 1033 2728 ac
1057 2675 1138 2729 stare
1164 2686 1200 2731 ac

207 2756 366 2890 apugriviare
380 2742 549 2893 iubmotzzwnec
564 2749 648 2894 {lumel
657 2748 728 2811 inde
738 2751 812 2813 votis
823 2759 874 2812 aut
888 2749 1086 2897 inpffiratigre
1096 2751 1198 2895 dssunn

236 2848 267 2892 se
344 2847 379 2891 ac
517 2849 568 2893 era
590 2850 789 2897 enumesse.
822 2853 922 2915 perm
970 2852 1002 2896 as
1063 2853 1096 2897 es
1128 2854 1198 2898 erro
1285 2900 1286 2905 ,

234 2917 312 2977 viam
326 2914 393 2977 fleri
407 2920 450 2987 et,
467 2933 526 2997 quo
536 2917 653 2979 timoris
668 2920 766 2980 minus
777 2919 829 2988 sit,
847 2920 990 2982 eominus
1007 2919 1102 2981 termo
1116 2921 1199 2999 peri·

207 3001 292 3064 iculi
312 3019 387 3064 esse.
418 3008 548 3064 ceterum
563 3020 634 3082 prae
652 3004 774 3081 strepitu
786 3020 821 3063 ae
834 3002 961 3065 tumultu
973 3020 1030 3064 neo
1041 3001 1199 3068 oonsilituo

234 3101 292 3147 nec
314 3086 477 3166 imperium
499 3087 594 3165 accipi
608 3093 740 3165 poterat,
764 3092 936 3166 tantumque
950 3086 1069 3158 aberat,
1092 3096 1126 3149 ut
1147 3105 1204 3151 sua

233 3169 317 3247 signa
340 3176 431 3248 atque
453 3168 574 3230 ordines
597 3178 627 3229 et
641 3170 737 3230 iocum
754 3177 927 3239 noscerent,
950 3178 983 3232 ut
1004 3172 1051 3232 rix
1066 3172 1103 3232 ad
1118 3187 1204 3234 arma

235 3252 377 3332 capienda
394 3251 580 3331 aptandaque
594 3270 711 3331 pugnae
727 3260 899 3331 conpeteret
909 3257 1035 3325 animus,
1052 3257 1203 3335 opprime·

211 3344 400 3413 trenturquo
423 3335 542 3414 quidam
565 3339 679 3398 onerati
701 3339 794 3416 magis
811 3338 859 3398 his
873 3355 961 3418 quam
976 3340 1058 3399 tecti.
1092 3347 1121 3399 et
1135 3345 1205 3398 erat

234 3417 268 3477 in
288 3425 369 3479 tanta
392 3419 519 3496 caligine
534 3422 630 3482 maior
645 3438 718 3483 usus
732 3423 849 3483 aurium
865 3439 952 3502 quam
968 3419 1134 3484 oculorum.
1164 3420 1216 3482 ad

236 3502 363 3574 penitus
387 3500 543 3563 vulnerum
571 3506 707 3583 ictusque
735 3522 894 3586 corporum
920 3512 972 3567 aut
993 3520 1145 3567 armorum
1170 3510 1205 3565 et
