2575 4067
158 249 172 275 ⁰
255 271 316 332 130
445 287 539 329 nnana
552 287 595 330 rx.
611 287 681 331 444.
697 276 741 330 33.
755 275 798 328 dt
814 264 855 348 [a.
869 288 901 329 4.
917 288 944 328 4.
961 264 1023 346 444]

255 438 305 492 444
325 448 428 493 eorum
450 450 643 516 quemquam,
663 437 714 516 qui
731 441 799 515 4444
823 450 889 495 eam
904 431 1001 512 legem
1018 430 1108 494 latam
1122 436 1216 497 creati

255 531 395 578 censores
410 525 522 587 444444,
538 521 634 581 444441
654 537 688 581 44
701 517 767 597 lege
781 518 919 599 potuisse.

229 608 241 661 t
316 598 443 664 XXXIV.
478 602 558 664 llaec
585 601 759 666 4144411144
786 601 913 663 adsensu
933 599 1087 663 cavillante
1102 601 1215 680 Appio:

255 690 341 753 „est“
355 684 458 761 inquit,
476 683 640 754 „Quirites
656 681 735 744 illins
752 684 838 762 414411
853 684 1019 762 progenies,
1035 687 1085 764 qui
1100 685 1218 746 decem·

254 770 300 827 vir
318 767 350 826 in
372 781 480 825 annum
502 773 620 826 creatus
641 765 734 826 altero
754 783 831 826 anno
853 766 964 844 seipse
979 769 1104 836 4444414,
1127 770 1219 829 444414

255 866 312 910 nec
327 847 364 909 ab
379 865 411 909 se
425 865 481 908 444
496 847 533 908 ab
548 847 608 909 ullo
624 855 741 909 creatus
756 850 886 928 privatus
899 850 996 911 iasces
1012 858 1041 909 et
1055 852 1217 928 imperium

227 931 392 1004 aobtinuit,
414 948 471 991 nec
492 938 562 993 ante
576 932 776 993 continuando
793 932 907 994 abstitit
921 934 1104 1010 magistratu,
1129 949 1218 1009 quarn

255 1013 417 1075 obruerent
439 1031 506 1074 eum
521 1015 597 1075 male
613 1024 706 1094 parta,
729 1014 806 1076 male
825 1023 917 1093 gesta,
940 1015 1017 1076 male
1032 1022 1147 1077 retenta
1162 1018 1218 1076 im·

225 1100 348 1174 eperia.
378 1097 451 1158 14444
474 1104 519 1158 444
541 1097 643 1159 eadem
657 1098 786 1173 familia,
808 1098 956 1169 Quirites,
980 1101 1066 1160 euius
1086 1100 1115 1159 vi
1130 1107 1218 1178 atque
1280 1148 1282 1152 .

253 1181 369 1241 iniuriis
392 1182 526 1259 conpulsi
540 1190 675 1243 extorres
691 1184 785 1254 natria
800 1199 919 1243 sacrum
934 1190 1064 1243 montem
1080 1183 1218 1259 cepistis;

253 1264 341 1340 haec,
357 1267 497 1331 adversus
511 1283 600 1348 quam
612 1264 804 1326 tribunicimn
818 1261 960 1325 auxilinm
973 1264 1056 1326 robis
1070 1283 1214 1346 conpara·

225 1354 323 1422 44414;
343 1352 433 1422 baec,
455 1358 680 1432 propterquam
702 1347 761 1408 duo
781 1349 930 1410 exercitus
941 1349 1118 1410 Aventinum
1134 1351 1214 1411 inse·

254 1430 353 1504 disum
369 1435 452 1505 baec,
464 1452 539 1514 quae
551 1432 707 1493 faenebres
718 1430 806 1509 leges,
819 1430 901 1502 baec,
918 1434 1214 1511 quaeagrariassem·

227 1522 245 1571 4
256 1534 310 1594 444
320 1518 500 1597 inpugnavit.
526 1516 601 1576 haec
613 1514 739 1576 conubia
752 1521 869 1593 4444444
885 1523 915 1576 44
928 1514 1025 1593 plebis
1038 1517 1214 1596 interrupit3

254 1600 328 1661 baec
344 1599 424 1680 plebi
436 1600 472 1660 ad
489 1598 607 1660 curules
625 1600 813 1677 magistratus
829 1599 885 1659 1444
905 1597 1063 1679 4144444414.
1095 1600 1154 1662 1444
1170 1611 1216 1661 est

253 1700 363 1743 nomen
378 1682 470 1745 multo
485 1700 572 1762 quam
587 1682 816 1761 Tarquiniorum
829 1681 966 1744 infestius
985 1691 1101 1745 4444444
1122 1682 1213 1744 liber-

224 1768 315 1826 otati.
356 1766 435 1827 itane
462 1764 597 1835 tandem,
620 1764 696 1844 1441
718 1763 838 1834 Claudi,
862 1782 929 1827 cum
950 1769 1130 1829 centesimus
1153 1767 1213 1828 iam

253 1866 347 1910 annus
363 1850 402 1911 sit
417 1848 554 1910 abbiam.
570 1847 693 1909 Aemilio
708 1847 866 1919 dictatore,
881 1856 925 1910 tot
939 1867 1078 1912 censores
1091 1850 1211 1921 luerint,

253 1932 427 1995 nobilissimi
441 1932 653 2011 fortissimique
667 1932 737 2002 viri,
760 1949 849 1993 nemo
867 1950 969 1994 eornm
991 1933 1148 1996 duodecim
1168 1941 1213 1995 ta·

253 2015 336 2078 bulas
355 2016 444 2096 legiti
472 2033 560 2077 nemo
583 2015 616 2076 ld
633 2017 680 2077 ius
701 2034 780 2086 4444,
809 2016 888 2094 quod
914 2024 1065 2097 postremo
1085 2015 1213 2098 4444144
1284 2095 1285 2098 ¹

223 2100 397 2170 7144414444,
412 2101 496 2162 sciiti
521 2101 613 2161 immo
623 2116 695 2161 4444
706 2116 810 2160 omnes
820 2101 978 2170 4414444444,
994 2101 1212 2163 441444414441-
1283 2173 1284 2176 ¹

253 2181 419 2265 1144444144
433 2183 491 2264 legi
504 2191 667 2265 paruerunt
681 2201 769 2263 quam
783 2181 826 2243 iili
841 2185 992 2263 antiquae,
1008 2202 1067 2265 qua
1080 2187 1211 2264 primum
1283 2197 1284 2200 ’

251 2285 389 2330 censores
405 2270 498 2330 creati
511 2275 609 2337 erant,
636 2267 704 2347 qula
718 2267 796 2328 banc
811 2275 990 2346 postremam
1013 2268 1141 2329 iusserat
1157 2285 1211 2347 po·
1282 2271 1283 2284 ¹

252 2351 352 2430 pulus,
377 2354 500 2432 etquia,
521 2351 573 2412 ubl
594 2350 670 2412 duae
694 2352 860 2412 contrariae
880 2349 960 2429 leges
981 2359 1064 2421 sunt,
1092 2368 1211 2430 semper
1280 2365 1282 2430 j

223 2437 387 2515 tantiquae
410 2435 535 2514 obrogat
554 2452 638 2495 nova.
676 2452 714 2495 an
734 2434 791 2496 1444
811 2434 897 2503 dicis,
919 2434 1009 2514 41441,
1033 2452 1095 2496 444
1114 2435 1211 2496 444441
1279 2449 1281 2496 ,¹

252 2518 373 2579 nemina
391 2517 456 2596 lege
472 2517 631 2598 444414441
652 2535 691 2578 an
705 2515 847 2597 populum
859 2519 964 2589 444441,
977 2525 1008 2578 44
1022 2535 1116 2579 unum
1130 2515 1210 2577 exle-

223 2604 319 2676 9gem
335 2602 417 2662 assei
456 2602 551 2661 tenuit
569 2600 692 2661 Aemilia
711 2598 760 2662 lex
779 2599 921 2661 violentos
941 2600 1006 2662 illos
1022 2618 1162 2664 44444444
1177 2600 1210 2662 d.

252 2683 373 2743 Furium
389 2691 418 2744 et
431 2684 470 2745 lli.
484 2683 663 2762 Geganium,
684 2685 749 2763 qui,
768 2682 839 2763 quid
852 2685 908 2744 iste
926 2685 1114 2762 magistratus
1129 2686 1161 2745 in
1177 2702 1211 2744 re

251 2763 368 2845 44141144
390 2766 459 2828 mali
484 2767 582 2828 144444
606 2775 720 2845 444444,
741 2767 927 2839 indicarunt,
958 2786 1025 2829 cum
1045 2770 1090 2828 ira
1110 2768 1210 2828 finitae

251 2852 403 2930 potestatis
423 2851 510 2912 biam.
530 2850 700 2922 Aemilium,
727 2852 892 2930 prinoipem
920 2853 1022 2913 aetatis
1043 2869 1114 2913 4444
1139 2849 1210 2912 belli

210 2938 242 2993 to
251 2933 404 3015 domique,
421 2936 567 2996 aerarium
584 2934 734 3002 iecerunt;
760 2935 854 2995 tenuit
874 2933 1014 3013 deinceps
1027 2950 1209 2997 444444444-

250 3035 334 3080 44444
352 3019 430 3079 intra
452 3025 572 3081 centum
593 3035 739 3078 annorum
753 3018 894 3096 spatium:
919 3027 1001 3080 tenet
1016 3018 1047 3081 G.
1063 3017 1209 3081 Plautium

210 3106 239 3159 tl
251 3101 393 3180 collegam
407 3109 490 3163 tmun
505 3101 599 3162 isdem
624 3101 776 3180 auspiciis,
801 3101 904 3163 eodem
920 3103 985 3163 iure
996 3109 1139 3164 creatum.
1172 3117 1209 3161 an

251 3184 330 3246 bunc
345 3202 420 3256 non,
435 3191 469 3245 ut
482 3185 535 3265 qui
544 3184 657 3265 4441444
675 3185 741 3245 1444
755 3202 861 3245 censor
875 3192 991 3247 4444444
1002 3194 1096 3256 esset,
1115 3202 1210 3265 popu·

249 3265 295 3329 144
311 3268 437 3330 44444141
464 3276 497 3329 tu
515 3285 593 3330 4444
607 3269 732 3330 eximius
750 3285 794 3339 44,
817 3270 846 3329 14
869 3288 927 3349 quo
944 3269 1001 3330 1444
1018 3270 1209 3349 praecipuum

211 3356 241 3406 12
253 3368 286 3411 ac
300 3350 449 3430 singulare
461 3351 577 3414 calenti
604 3370 693 3433 quem
714 3360 746 3413 tn
760 3369 862 3430 regem
879 3354 1091 3414 sacrificiorum
1105 3351 1209 3414 444444

251 3433 402 3512 amplexus
416 3437 630 3512 regni-nomen,
645 3436 740 3516 utqui
750 3437 934 3514 optimoiure
944 3436 1114 3498 rexliomae
1126 3453 1209 3497 crea·

251 3522 297 3574 444
310 3517 361 3582 sit.
379 3527 510 3577 creatum
524 3536 556 3579 se
571 3518 658 3579 dicet.
688 3537 777 3599 quem
795 3522 930 3582 semestri
944 3520 1104 3591 dictatura,
1121 3536 1208 3600 quem
