2575 4067
249 218 348 259 umen
362 217 405 259 rx.
429 217 497 259 car.
514 206 558 257 23.
573 208 617 257 24.
634 196 677 278 [a.
693 202 727 262 0.
744 207 802 261 tlh.
819 198 881 281 til]
988 209 1048 271 119

73 365 182 444 quihus
202 383 321 445 operae
331 376 376 427 est
388 359 635 426 traherehellum:
656 367 858 427 aesomnium
879 386 979 429 rerum
999 388 1047 430 re·

69 457 212 527 'spectum
238 457 451 529 praeterquam
475 451 614 510 victoriae
634 449 720 512 nohis
740 448 934 513 abscidamus.
970 452 1091 515 lcrteia

70 535 154 609 signa
163 534 200 593 in
213 533 352 593 hostem:
366 531 418 593 ubi
430 542 511 594 extra
523 531 631 594 vallum
643 550 750 611 agmen
761 536 935 605 excesserit,
952 544 1047 597 castra

70 615 179 693 quibus
201 617 390 695 imperatum
405 625 449 677 est
468 617 637 678 incendent
673 617 779 678 damna
796 627 907 688 restra,
929 618 1046 690 milites,

69 701 210 761 omnium
224 701 324 769 circa,
340 699 590 778 quidereeerunt,
604 698 782 780 populorum
795 700 905 779 praeda
916 703 1046 762 sarcien-

68 788 148 844 tur.“
176 793 212 845 et
223 786 363 845 oratione
374 782 535 855 dictatoris,
547 801 622 863 quae
633 784 816 846 necessitatis
826 782 946 845 ultimae
957 783 1045 845 index
1056 791 1088 844 ¹4

69 876 149 937 erat,
174 868 297 929 milites
312 870 429 929 accensi
443 868 553 928 vadunt
571 869 603 927 in
618 868 750 937 hostem,
762 868 803 928 'ct
816 877 969 949 respectus
982 870 1046 946 ipse

69 950 252 1013 ardentium
268 960 450 1019 castrorum,
472 969 648 1031 quamquam
665 952 807 1030 proximis
821 960 935 1013 tantum
952 985 990 998 -
1006 953 1046 1011 ita

68 1034 149 1094 euim
163 1036 304 1097 iusserat
317 1036 443 1096 dictator
461 1069 500 1081 -
515 1036 593 1114 ignis
608 1041 653 1096 est
669 1034 816 1105 subditus,
832 1035 911 1096 haud
923 1053 1046 1114 parsum

69 1115 125 1177 luit
139 1120 387 1181 inritamentum.
418 1123 517 1199 itaque
533 1118 612 1180 relut
622 1118 781 1181 vaecordes
792 1118 874 1180 inlati
885 1120 968 1197 signa
983 1120 1044 1198 pri·
1057 1124 1088 1177 15

70 1217 118 1261 mo
132 1203 260 1282 impetu
274 1203 403 1265 hostium
418 1202 552 1273 turbant,
567 1204 639 1263 etin
654 1212 804 1283 tempore,
825 1210 981 1283 postquam
999 1221 1046 1263 ar·

71 1283 173 1347 dantia
190 1285 303 1366 procul
317 1287 389 1348 vidit
403 1298 512 1356 castra,
535 1287 676 1365 magister
690 1287 821 1366 equitum
836 1286 923 1346 -id
940 1304 1046 1348 conre-

72 1377 160 1431 nerat
181 1373 308 1450 signum
321 1404 364 1416 -
379 1372 506 1433 hostium
527 1381 610 1449 terga
632 1370 753 1432 invadit.
791 1372 832 1431 ita
852 1370 1046 1432 circumventi

69 1447 245 1526 Samnites,
267 1473 324 1533 qua
338 1462 436 1534 potest
451 1456 589 1535 quisque,
608 1455 707 1534 lugam
722 1471 777 1535 per
792 1452 907 1516 diversa
924 1462 1045 1535 petunt,

70 1532 183 1613 ingens
197 1538 359 1600 multitudo
372 1540 405 1600 in
415 1557 507 1600 unum
518 1550 599 1600 metu
609 1538 785 1618 conglobata
795 1556 830 1600 ac
840 1546 936 1600 semet
947 1539 1042 1619 ipsam
1054 1542 1087 1595 16

72 1621 161 1681 turba
192 1623 352 1702 inpediens
376 1625 407 1683 in
433 1622 531 1684 medio
556 1640 651 1684 caesa.
686 1632 781 1685 castra
807 1624 934 1685 hostium
957 1632 1043 1703 capta
1055 1627 1084 1679 17

75 1701 270 1788 direptaque,
291 1724 418 1786 quorum
433 1707 543 1786 praeda
558 1714 697 1769 onustum
718 1705 842 1768 militem
865 1708 898 1767 in
911 1706 1044 1770 Romana

75 1796 173 1850 castra
189 1791 321 1852 dictator
333 1791 464 1862 reducit,
479 1791 705 1871 haudquaquam
720 1800 780 1853 tam
791 1792 913 1851 victoria
924 1789 1042 1863 laetum,

75 1886 164 1947 quarn
181 1872 267 1955 quod
280 1883 401 1954 praeter
416 1877 551 1954 exiguam
566 1876 759 1937 deformatam
775 1872 914 1936 incendio
928 1884 1043 1955 partem

77 1964 177 2018 cetera
195 1967 301 2020 contra
315 1977 400 2038 spem
415 1958 493 2020 salva
510 1960 632 2019 invenit.

137 2041 243 2104 XXIV.
286 2043 330 2104 ld
356 2044 460 2104 Soram
484 2042 553 2103 inde
581 2041 724 2110 reditum:
756 2045 883 2121 novique
909 2041 1071 2104 consulesl

80 2119 115 2182 ll.
136 2124 289 2188 Poetelius
310 2126 341 2189 C.
367 2125 513 2206 Sulpicius
536 2125 698 2186 exercitum
723 2123 760 2185 ab
787 2126 929 2185 dictatore
953 2123 1043 2184 Fabio

78 2208 232 2288 accipiunt
245 2229 352 2289 magna
373 2218 458 2290 parte
476 2220 610 2270 veterum
627 2206 753 2268 militum
769 2207 888 2268 dimissa
903 2207 1043 2284 novisque

81 2291 256 2355 cohortibus
262 2296 294 2353 in
301 2295 540 2374 supplementum
549 2291 692 2352 adductis.
706 2299 838 2353 ceterum
847 2297 1069 2369 cumproptera

80 2370 232 2439 dililcilem
249 2378 331 2439 urhis
345 2380 433 2439 situm
449 2395 505 2438 nec
521 2375 711 2455 oppugnandi
725 2376 796 2437 satis
811 2381 892 2435 certa
906 2373 982 2435 ratio
997 2374 1042 2433 in·

79 2455 181 2533 iretur,
196 2470 283 2523 etaut
292 2472 426 2541 tempore
437 2460 597 2540 longinqua
604 2469 654 2520 aut
663 2457 944 2539 praecepsperictdo
952 2458 1042 2518 victo·

82 2541 124 2601 ria
139 2554 234 2617 esset,
249 2546 379 2606 Soranus
392 2545 544 2623 transfuga
555 2544 630 2604 clam
643 2562 679 2604 ex
692 2543 800 2623 oppido
813 2544 1070 2626 prolectuqcumt

82 2623 117 2683 ad
132 2630 237 2708 vigiles
249 2630 398 2690 Romanos
410 2637 611 2709 penetrasset,
628 2627 696 2689 duci
710 2646 741 2688 se
757 2628 903 2708 extemplo
919 2626 956 2689 ad
971 2646 1042 2690 con·

83 2708 158 2772 sues
168 2711 260 2783 iubet
272 2713 473 2793 deductusque
483 2712 662 2774 traditurum
673 2713 777 2772 urbem
788 2714 941 2792 promittit.
963 2715 1069 2774 visust

83 2789 159 2865 inde,
172 2816 255 2868 cum,
267 2815 395 2877 quonam
402 2796 491 2858 modo
498 2796 528 2855 id
537 2805 739 2875 praestaturus
747 2807 833 2868 esset,
845 2806 1041 2876 percunctan-

83 2878 126 2935 tes
141 2880 276 2950 doceret,
292 2881 370 2941 haud
385 2899 458 2941 rana
474 2879 606 2949 adferre,
630 2877 774 2956 perpulit,
795 2897 888 2956 prope
904 2878 1040 2938 adiuncta

85 2964 237 3025 moenibus
252 2965 384 3026 Romana
405 2973 548 3025 castrant
567 2982 618 3024 sex
633 2960 714 3021 milia
734 2958 770 3020 ah
786 2960 893 3038 oppido
910 2977 1041 3020 remove·

85 3054 201 3108 rentur:
216 3049 295 3119 lore,
310 3057 343 3109 ut
354 3048 451 3109 minus
461 3049 591 3108 intentae
603 3049 634 3106 in
649 3043 811 3106 custodiam
824 3042 905 3103 urhis
918 3040 1065 3103 diurnaeh

86 3132 223 3192 sationes
234 3151 268 3193 ac
280 3140 442 3193 nocturnae
452 3129 567 3207 vigiliae
578 3138 686 3190 essent.
707 3130 770 3207 ipse
779 3125 944 3205 insequenti
955 3134 1042 3186 nocte

86 3211 136 3273 sul)
152 3216 260 3296 oppido
276 3214 457 3277 silvestribus
471 3213 544 3274 locis
560 3212 731 3273 cohortibus
746 3210 875 3271 insidere
892 3210 977 3268 iussis
990 3208 1040 3269 de·

72 3308 147 3359 'cem
166 3299 275 3361 milites
290 3300 419 3361 delectos
436 3316 537 3359 secum
557 3314 611 3375 per
633 3294 724 3355 ardua
744 3312 778 3355 ac
798 3310 891 3372 prope
914 3292 989 3351 invia
1009 3293 1040 3353 in

88 3392 180 3445 arcem
197 3385 278 3445 ducit
298 3383 432 3464 pluribus
447 3400 534 3461 quam
551 3398 606 3459 pro
628 3395 752 3438 numero
775 3378 904 3438 virorum
924 3375 1039 3438 missili·

87 3454 138 3523 hus
151 3468 217 3528 telis
232 3487 268 3529 eo
284 3467 422 3537 conlatis3
446 3465 483 3528 ad
502 3465 559 3526 hoc
580 3480 649 3525 saxa
665 3469 750 3524 erant
767 3469 796 3522 et
816 3469 927 3522 temere
940 3460 1066 3523 lacon-6
