2575 4067
270 249 311 314 38
455 266 548 305 menn
562 265 616 305 vn.
632 265 701 306 can.
717 250 758 304 35.
774 250 817 302 36.
832 241 872 324 [a.
887 265 918 304 u.
935 264 962 303 c.
976 242 1037 325 411]

271 431 365 474 meam
388 412 470 473 vobis
489 428 649 492 peregero,
675 418 737 472 tum
761 409 868 490 quibus
891 407 994 470 eadem
1016 407 1179 488 placebunt
1199 409 1231 469 in

271 498 404 557 dextram
416 503 529 576 partem
551 495 631 555 taciti
656 492 833 563 transibitis;
861 511 936 573 quae
959 510 1029 573 pars
1050 492 1147 552 maier
1162 493 1230 562 erit,

239 594 305 646 seo
321 579 445 641 stabitur
466 577 597 640 consilio.
636 596 730 651 nunc,
752 596 827 658 quae
848 583 948 638 mente
971 576 1094 653 agitem,
1118 575 1230 637 audite.

267 681 330 724 non
345 664 413 742 iuga
429 663 539 724 delatos
556 680 612 723 nee
631 664 739 724 inertia
759 659 880 722 relictus
900 661 949 721 hie
963 678 1015 721 ves
1034 661 1231 721 circumvenit

269 747 377 810 hostis:
391 748 498 808 virtute
509 748 627 826 cepistis
638 746 745 817 lecum,
757 747 864 807 virtute
876 745 945 805 hinc
957 750 1075 823 eportet
1086 742 1229 806 evadatis.

241 832 413 893 eveniende
428 832 487 893 huc
502 831 663 891 exercitum
685 831 836 909 egregium
851 825 960 909 pupule
974 828 1107 889 Romano
1128 845 1230 890 serva·

270 919 337 977 stis:
352 914 534 995 erumpendo
554 914 624 973 hinc
644 922 757 976 vosmet
775 915 856 994 ipses
878 918 1002 973 servate.
1041 910 1124 989 digni
1145 913 1229 981 estis,

270 1002 319 1080 qui
330 1000 416 1081 pauci
427 998 561 1079 pluribus
573 1015 660 1078 opem
670 996 810 1068 tuleritis,
827 997 884 1077 Ipsi
898 994 1007 1057 nuliius
1018 993 1126 1056 auxilio
1137 1012 1228 1073 egue-

241 1085 342 1144 uritis.
368 1101 436 1144 eum
447 1101 483 1144 ce
493 1082 578 1143 hoste
590 1098 639 1142 res
651 1090 703 1151 est,
719 1082 770 1160 qui
783 1081 923 1142 hesterno
937 1079 986 1140 die
998 1077 1117 1139 delendi
1130 1081 1228 1139 omnis

271 1168 415 1228 exercitus
430 1168 547 1228 iertuna
563 1182 618 1245 per
641 1165 807 1227 socordiam
828 1182 900 1226 usus
915 1181 975 1225 nen
989 1164 1043 1232 sit;
1066 1161 1147 1223 hunc
1165 1171 1225 1223 tam

270 1258 446 1331 oportunum
464 1248 567 1312 collem
583 1250 776 1310 inminentem
790 1248 879 1328 capiti
894 1266 947 1310 sue
962 1264 1020 1309 nen
1039 1252 1107 1306 ante
1121 1246 1228 1307 viderit

241 1342 357 1415 dquam
374 1345 490 1414 captum
511 1352 528 1394 a
551 1333 651 1404 nehis;
671 1352 725 1394 nes
746 1340 805 1394 tam
828 1350 939 1412 paucus
958 1339 1002 1392 tot
1020 1332 1084 1411 ipse
1106 1329 1227 1391 milibus

269 1419 422 1480 hominum
441 1436 497 1478 nec
509 1435 633 1479 ascensu
647 1419 790 1488 arcuerit,
806 1434 862 1478 nec
875 1423 1011 1478 tenentes
1027 1413 1142 1484 lurum,
1158 1432 1225 1475 cum

270 1502 329 1562 diei
344 1509 456 1562 tantum
472 1510 653 1581 superesset,
669 1500 745 1562 valle
760 1499 997 1561 circumdederit.
1024 1516 1112 1579 quem
1124 1497 1225 1559 rideu·

269 1594 328 1645 tem
343 1603 377 1644 ac
391 1583 559 1663 vigilantem
579 1586 623 1645 sic
640 1585 803 1654 eluseritis,
829 1585 957 1663 sopitum
974 1588 1092 1662 opertet
1108 1580 1225 1652 ialiatis,

241 1671 360 1728 ‘rimmo
376 1686 496 1729 necesse
517 1678 571 1729 est.
604 1670 636 1729 in
659 1688 695 1729 ee
711 1670 791 1729 enim
809 1666 875 1729 lece
888 1685 938 1729 res
956 1673 1026 1728 sunt
1040 1672 1176 1737 nostrae,
1193 1676 1225 1727 ut

269 1750 351 1811 robis
370 1770 425 1829 ego
446 1753 538 1831 magis
559 1754 741 1813 necessitatis
762 1760 877 1814 uestrae
898 1752 989 1813 index
1002 1768 1090 1831 quam
1109 1750 1225 1810 consilii

240 1840 371 1896 sanctor
385 1838 450 1896 sim.
476 1853 572 1915 neque
594 1839 686 1906 enim,
708 1837 851 1898 maneatis
866 1854 904 1896 an
919 1834 1030 1897 abeatis
1044 1834 1129 1906 hinc,
1151 1833 1223 1895 deli-

268 1918 366 1980 berari
382 1926 494 1999 petest,
509 1937 576 1980 curn
591 1926 710 1998 praeter
722 1938 804 1981 arma
819 1928 849 1981 et
864 1921 977 1981 animes
993 1935 1145 1979 armorum
1162 1935 1224 1979 me·

268 2020 367 2064 meres
382 2003 455 2063 nihil
468 2001 551 2063 vebis
565 2002 682 2063 fortuna
704 2003 813 2084 reliqui
833 2004 953 2084 iecerit,
973 2004 1110 2082 fameque
1132 2009 1162 2063 et
1175 2002 1223 2063 siti

267 2086 453 2148 moriendum
472 2088 524 2158 sit,
547 2089 572 2148 si
590 2086 671 2167 pius,
702 2106 789 2169 quam
809 2089 888 2149 vires
906 2105 941 2149 ac
959 2087 1107 2149 Romanos
1128 2086 1222 2155 decet,

239 2169 381 2233 tierrum
396 2173 560 2234 timeamus.
595 2190 666 2252 erge
686 2190 745 2233 uua
767 2180 811 2233 est
824 2170 903 2233 salus
919 2188 1076 2251 erumpere
1090 2169 1163 2231 hinc
1180 2179 1222 2232 at·

268 2273 326 2336 que
347 2256 439 2318 abire.
484 2256 515 2316 id
541 2264 591 2318 aut
610 2257 740 2318 interdiu
758 2264 809 2317 aut
825 2263 913 2317 necte
934 2256 1075 2317 iaciamus
1095 2262 1222 2333 eportet.

227 2344 260 2398 10
271 2358 341 2401 ecce
362 2351 459 2402 autem
473 2340 552 2401 aliud
566 2342 665 2402 minus
681 2339 818 2401 dubium:
852 2341 961 2421 qqupe
977 2342 1004 2400 si
1014 2338 1065 2400 lux
1084 2346 1222 2418 expecte-

267 2431 330 2494 tur,
346 2443 420 2504 quae
437 2442 504 2504 spes
521 2431 566 2484 est
582 2442 642 2485 non
655 2423 731 2485 valle
746 2432 892 2505 perpetue
909 2425 1044 2505 iussaque
1068 2440 1123 2483 nes
1137 2439 1221 2501 saep·

267 2515 367 2567 turum
378 2508 509 2576 hostem,
525 2509 576 2586 qui
589 2525 669 2568 nunc
683 2508 857 2588 cerporibus
871 2510 932 2569 suis
942 2506 1080 2569 subiectis
1090 2506 1222 2586 undique

269 2590 407 2659 cinxerit,
429 2596 462 2648 ut
479 2589 597 2661 ndens,
627 2590 750 2652 coliem?
784 2593 865 2673 atqui
885 2592 911 2653 si
930 2609 990 2654 nex
1010 2598 1154 2671 oportuna
1179 2598 1222 2650 est

269 2673 429 2752 eruptioni,
451 2674 527 2734 sicut
540 2681 598 2746 est,
619 2676 694 2736 haec
709 2676 843 2756 proiecto
864 2678 959 2738 nectis
980 2675 1130 2756 aptissima
1147 2673 1221 2734 hora

226 2761 257 2814 11
267 2763 322 2816 est.
359 2758 442 2834 signe
469 2756 615 2820 secundae
648 2760 762 2839 vigiliae
782 2761 975 2833 convenistis,
1005 2759 1084 2839 quod
1103 2765 1222 2837 tempus

268 2837 516 2903 mertaiessomnu
531 2841 672 2905 altissime
686 2846 812 2924 premit..
825 2861 1013 2924 pereerpera
1026 2842 1120 2923 sopita
1131 2840 1218 2902 rade·

266 2926 304 2985 tis
318 2924 363 2985 vei
380 2923 496 2988 silentio
512 2927 644 2989 incautos
664 2927 800 2990 fallentes
814 2927 860 2989 vei
879 2926 1073 2990 sentientibus
1089 2925 1216 2987 clamere

265 3010 362 3071 subite
375 3028 513 3091 paverem
527 3013 675 3074 iniecturi.
710 3031 759 3072 me
771 3011 859 3073 mede
874 3011 1045 3093 sequimini,
1068 3027 1157 3091 mem
1173 3027 1220 3070 se·

224 3098 258 3152 12
266 3096 326 3155 cuti
343 3097 426 3155 estis:
444 3112 499 3172 ego
516 3094 654 3166 eandem,
668 3114 743 3175 quae
755 3096 837 3158 duxit
850 3096 922 3168 hue,
938 3113 1045 3175 sequar
1060 3094 1219 3157 iomunam.

266 3177 371 3259 quibus
381 3179 455 3240 haec
466 3176 602 3240 salutaria
612 3179 762 3252 ridentur,
781 3179 943 3260 agitedum,
958 3183 989 3241 in
1001 3180 1135 3241 dextram
1149 3195 1219 3257 par·

234 3268 247 3319 1
265 3270 324 3323 tem
338 3262 463 3343 pedibus
479 3265 634 3325 transite.“
675 3265 800 3327 xxxvi.
839 3263 950 3327 Omnes
968 3265 1151 3325 transierunt
1170 3279 1219 3321 va·

265 3345 442 3427 dentemque
459 3365 514 3427 per
537 3349 704 3411 intermissa
725 3348 865 3412 custodiis
891 3348 957 3410 ioca
981 3348 1103 3411 Decium
1125 3348 1218 3406 secuti

233 3436 344 3490 esunt.
372 3431 433 3492 iam
443 3439 595 3493 evaserant
609 3434 705 3496 media
720 3441 829 3503 castra,
846 3450 913 3494 cum
927 3430 1163 3513 superscandens
1177 3431 1219 3489 vi·

215 3521 217 3524 ’
266 3509 357 3587 guum
373 3521 462 3573 strata
477 3532 581 3575 somne
602 3536 727 3597 corpora
751 3515 836 3578 miles
850 3516 962 3578 utiense
981 3527 1064 3579 scuto
1082 3512 1220 3595 praebuit
