2575 4067
245 234 287 297 ts
454 246 548 289 menn
562 247 617 287 vn.
631 246 699 287 oen.
715 232 759 287 40.
775 221 815 305 [e.
827 247 859 287 u.
874 246 901 287 e.
916 225 979 306 412]

244 397 386 475 Quaque
407 411 567 473 agnovere,
597 392 744 472 extemplo
765 390 901 454 omuibus
921 394 1063 455 memorio
1084 397 1204 475 patriae

212 482 303 541 ¹titos
318 478 481 559 permulsit
521 476 652 539 nondum
673 484 757 538 erem
775 485 837 537 tam
853 476 945 537 fontes
967 477 1005 537 od
1027 480 1205 558 sanguinem

244 562 372 633 civilem,
398 581 454 624 nec
474 569 594 642 praeter
617 570 739 623 externa
759 573 901 621 noverant
920 560 1010 632 bella,
1040 561 1206 644 ultimaque

243 647 340 710 nobles
352 648 480 709 secessio
497 645 534 707 ab
549 647 609 707 suis
622 644 802 707 habebatur:
825 646 924 723 itaque
938 646 996 706 ium
1012 645 1116 717 duces,
1142 649 1204 709 nm

212 729 352 795 smilites
362 731 511 811 utrimque
521 747 697 808 congressus
711 746 855 809 quaerere
870 728 908 789 ao
923 728 1092 810 conloquio,
1109 731 1205 802 Quin-

243 817 333 884 ctius,
352 832 441 895 quem
463 832 613 875 armorum
638 815 726 875 etiam
747 831 802 892 pro
822 814 915 891 petiis
937 815 1054 874 satietas
1074 824 1205 885 teneret,

243 899 352 961 nedum
366 898 505 960 adversus
524 898 665 976 petriam,
688 896 843 968 Conium,
865 914 969 958 omnes
986 899 1107 959 caritate
1123 900 1205 958 cives

242 983 401 1064 praecipue
413 980 522 1043 milites
536 987 567 1042 et
581 989 650 1041 onte
665 980 738 1042 altos
751 999 836 1042 suum
853 982 1014 1042 exercitum
1027 981 1204 1061 conplexus.

211 1071 268 1129 tie
286 1064 323 1127 od
343 1063 532 1145 conloquium
555 1065 709 1145 processit.
750 1066 869 1144 cognito
894 1065 923 1126 ei
948 1063 1095 1144 extemplo
1120 1065 1204 1126 haud

244 1153 357 1211 minore
378 1148 415 1211 ol)
435 1150 611 1210 adversariis
625 1149 800 1209 verecundia
815 1166 903 1227 quem
918 1148 955 1209 ab
970 1149 1032 1208 suis
1045 1146 1202 1208 silentium
1267 1215 1268 1222 χ

244 1233 354 1295 dotum.
383 1232 498 1303 „deos“
521 1234 616 1313 iuquit
637 1228 843 1303 „inusitatae
866 1230 985 1298 milites,
1008 1237 1123 1290 vestros
1145 1248 1202 1309 pu·
1267 1231 1269 1290 ἒ

243 1316 336 1378 hlioos
358 1334 499 1396 meosque
521 1317 558 1378 ab
580 1316 657 1378 urbe
672 1317 862 1393 proficiscens
877 1317 917 1376 ita
932 1313 1050 1375 adoravi
1070 1314 1202 1374 veniam·

244 1418 301 1480 que
317 1399 441 1480 supplex
454 1402 593 1479 poposci,
617 1408 650 1462 ut
663 1399 738 1461 mihi
752 1398 789 1459 de
803 1398 887 1460 vobis
907 1398 1082 1461 concordiae
1097 1405 1203 1477 partae
1270 1427 1271 1432 κ

215 1483 383 1561 oglerium,
405 1500 465 1542 non
487 1485 638 1544 victoriam
661 1484 774 1544 donent.
807 1485 879 1543 sotis
897 1481 955 1543 fuit
969 1484 1098 1560 eritque,
1120 1480 1203 1542 unde

243 1564 315 1627 belli
335 1565 426 1627 decus
448 1570 595 1645 parietur:
620 1567 692 1627 hinc
713 1584 769 1645 pax
791 1566 917 1646 petendo
939 1577 993 1626 est.
1027 1564 1104 1642 quod
1127 1565 1203 1625 deos

216 1648 416 1711 oinmorteles
430 1652 508 1710 inter
518 1650 717 1730 nuncupando
727 1658 794 1711 vota
808 1651 974 1730 expoposci,
991 1649 1054 1710 eius
1065 1665 1112 1709 me
1127 1666 1202 1709 con·

246 1740 343 1812 potem
354 1734 475 1794 votivos
489 1734 588 1794 locere
598 1735 731 1812 potestis,
749 1735 956 1795 simeminisse
967 1731 1062 1803 vultis,
1076 1750 1137 1792 non
1150 1750 1203 1792 vos

245 1819 277 1877 in
292 1815 410 1878 Somnio
425 1834 481 1877 uec
493 1820 526 1878 in
541 1816 667 1888 Volscis,
690 1816 789 1879 sedin
804 1818 936 1879 Romano
957 1816 1021 1877 solo
1036 1825 1133 1879 costra
1149 1817 1202 1876 ha·

244 1899 329 1968 here,
352 1902 377 1960 si
397 1898 465 1961 illos
486 1899 588 1973 eolles,
610 1918 685 1981 quos
707 1903 841 1971 cernitis,
864 1901 976 1980 petrice
989 1910 1104 1962 vestrae
1124 1917 1202 1969 esse,

245 1982 370 2044 siluno
391 1987 554 2047 exereitum
581 1986 688 2045 civium
715 1993 897 2053 vestrorum,
924 1987 950 2046 si
972 2002 1019 2045 me
1047 1982 1202 2046 consulem

244 2075 382 2139 oestnum,
398 2070 482 2130 ouius
498 2068 587 2129 ductu
600 2069 790 2147 auspicioque
801 2070 900 2147 priore
915 2085 991 2129 enno
1006 2067 1054 2129 bis
1068 2068 1203 2145 legiones

218 2157 232 2205 ⁷
245 2150 419 2214 Samnitium
434 2152 563 2224 tulistis,
580 2151 627 2216 bis
638 2159 735 2216 oestro
750 2156 777 2213 vi
790 2155 923 2231 cepistis.
947 2169 1001 2230 ego
1017 2170 1082 2214 sum
1094 2152 1131 2213 Μ.
1145 2153 1202 2213 Va·

243 2236 334 2298 lenius
356 2236 482 2308 Corvus,
513 2236 636 2308 milites,
667 2238 750 2298 cuius
772 2254 823 2298 vos
845 2234 1027 2298 nobilitatem
1048 2235 1204 2296 beneflciis

244 2336 314 2399 erga
336 2339 396 2392 vos,
418 2339 480 2383 non
502 2322 618 2383 ieiuniis
640 2322 785 2391 sensistis,
810 2319 917 2381 nullius
935 2319 1080 2399 superbae
1102 2321 1133 2379 in
1150 2338 1204 2380 vos

243 2403 326 2481 legis,
342 2404 450 2466 nullius
465 2404 592 2467 crudelis
605 2403 868 2466 senatusconsulti
884 2412 994 2473 auctor,
1016 2406 1047 2465 in
1063 2403 1204 2464 omnibus

215 2490 318 2553 smeis
340 2489 473 2567 imperiis
491 2490 523 2549 in
542 2507 590 2549 me
605 2491 737 2550 seuerior
752 2506 841 2568 quam
855 2488 885 2547 io
901 2505 961 2549 vos.
992 2506 1026 2549 sc
1039 2489 1064 2548 si
1079 2488 1128 2548 eui
1150 2504 1202 2565 ge·

244 2588 309 2637 nus,
332 2571 357 2629 si
372 2572 421 2630 cui
436 2588 489 2631 sua
505 2572 606 2641 virtus,
630 2574 656 2633 si
671 2574 718 2633 cui
733 2573 822 2633 etiam
836 2573 981 2641 maiestas,
1002 2573 1028 2633 si
1042 2574 1091 2633 cui
1105 2571 1202 2632 hono·

244 2669 292 2712 res
304 2651 431 2713 subdere
442 2655 564 2733 spiritus
574 2662 743 2733 potuerunt,
763 2658 880 2716 iseram
892 2662 986 2725 notus,
1006 2654 1203 2735 idspeeimen

245 2736 302 2795 mu
317 2735 466 2807 dederam,
483 2755 517 2799 ee
532 2746 628 2801 aetate
645 2740 828 2802 consulatum
847 2738 970 2818 adeptus
984 2758 1076 2808 mom,
1099 2746 1134 2800 ut
1147 2755 1202 2816 po·

245 2819 354 2880 luerim
370 2823 423 2882 tris
439 2829 469 2882 et
483 2822 585 2900 viginti
600 2840 692 2885 annos
710 2831 797 2886 notus
812 2823 914 2884 consul
935 2821 1069 2902 patribus
1083 2839 1203 2901 quoque

216 2902 329 2965 cierox
344 2923 419 2976 esse,
436 2922 495 2966 non
510 2906 605 2969 solum
620 2907 712 2988 plebi.
735 2907 813 2987 quod
825 2925 923 2968 meum
934 2908 1043 2968 iactum
1054 2906 1203 2966 dictumve

245 2987 372 3052 consulis
400 2992 518 3068 gravius
543 3010 630 3072 quam
652 2991 766 3053 ononi
794 2991 935 3052 audistisi
966 2990 1069 3052 eodem
1096 2997 1202 3050 tenore

247 3073 305 3134 duo
327 3076 519 3152 insequentes
533 3074 702 3136 consulatus
716 3075 808 3153 gessi,
831 3074 935 3136 eodem
949 3074 1023 3136 hoec
1043 3075 1202 3151 imperiosa

247 3157 388 3219 dictatura
403 3165 542 3235 gerstun
560 3156 620 3238 [ut]
635 3175 732 3237 neque
747 3160 777 3219 in
787 3157 936 3220 hosmeos
951 3165 980 3218 et
990 3159 1102 3237 patriae
1117 3173 1202 3217 mese

246 3241 352 3303 milites
373 3243 432 3302 erit
451 3242 553 3302 mitior
575 3260 662 3321 quom
683 3242 713 3303 iu
729 3260 780 3304 vos
795 3240 958 3303 -horreo
979 3242 1132 3302 dicere-
1147 3240 1200 3299 ho-

204 3330 237 3380 ιο
250 3325 310 3384 stis.
344 3341 416 3402 ergo
437 3342 489 3385 vos
511 3327 593 3405 prius
613 3328 647 3387 in
667 3345 715 3387 me
737 3328 913 3388 strinxeritis
934 3325 1047 3386 ferrum
1061 3342 1149 3404 quam
1171 3324 1201 3383 in

244 3423 295 3465 vos
318 3424 386 3484 ego:
408 3409 496 3469 istinc
509 3410 592 3487 signa
609 3417 730 3480 canent,
753 3412 840 3473 istinc
856 3411 966 3472 elamor
981 3413 1065 3486 prins
1078 3406 1201 3486 incipiet

206 3497 333 3567 oletque
346 3491 490 3568 impetus,
513 3495 538 3552 sl
553 3492 753 3555 dimicandum
776 3502 830 3554 est.
859 3492 990 3553 inducite
1011 3494 1200 3560 inanimum,
