2575 4067
268 178 308 238 74
408 193 501 234 ursus
515 190 580 233 v111.
596 191 665 233 ose.
681 178 725 233 23.
739 179 782 232 24.
799 167 839 251 [a.
854 193 885 232 u.
903 192 928 232 c.
945 178 1005 231 427.
1023 168 1084 252 428]

268 338 453 410 dictatorem,
476 338 618 419 nequeab
630 337 750 400 consule
763 338 898 418 cuiquam
917 336 1033 417 publice
1054 340 1226 418 privatimne

227 429 259 481 16
270 422 306 483 de
322 441 356 483 ea
375 441 408 484 re
423 424 564 503 scriptum
577 441 656 494 esse,
672 441 728 484 nec
742 440 917 503 quemquam
933 421 1100 483 mortalium
1115 431 1225 494 extare,

252 507 317 586 iqui
331 524 363 567 se
377 508 485 568 uidisse
499 514 549 568 aut
563 506 678 568 audisse
689 506 759 586 quid
775 505 868 576 dicat,
885 505 964 586 quod
979 507 1141 586 auspicium
1154 507 1226 567 diri·

267 599 375 662 meret,
396 609 491 670 neque
512 609 637 670 augures
653 591 784 651 divinare
800 589 910 650 Romae
928 588 1065 651 sedentes
1083 591 1225 670 potuisse,

267 674 337 754 quid
351 676 382 735 in
398 676 501 737 castris
517 674 630 737 consuli
644 676 706 735 vitii
721 673 896 739 obvenisset.
930 674 978 734 cui
996 691 1056 746 non
1070 692 1224 754 apparere.

227 764 256 814 17
268 759 346 836 quod
357 758 489 839 plebeius
501 759 626 820 dictator
637 761 689 829 sit,
699 759 729 819 id
741 759 842 820 vitium
855 756 1016 837 auguribus
1026 759 1136 819 visum?
1151 757 1227 819 baec

266 840 1226 924 aliaqueabtribunisnequiquamiactata;tamenadinterrcgnum
1268 899 1273 908 ,

265 943 314 987 res
325 926 648 1008 rediitdilatisque'alia
659 934 745 1006 atque
757 924 860 987 aliade
871 944 958 987 causa
970 926 1094 986 comitiis
1102 934 1226 1005 quartus

265 1008 397 1071 decimus
418 1010 536 1072 demum
558 1013 691 1072 interrex
714 1010 746 1071 L.
768 1008 907 1072 Aemilius
928 1008 1064 1071 consules
1089 1017 1171 1071 creat
1192 1009 1224 1071 C.

264 1091 427 1155 Poetelium
443 1095 474 1156 L.
488 1095 638 1174 Papirium
650 1092 840 1172 Mugilanum.
872 1092 1029 1154 Cursorem
1044 1093 1076 1153 iu
1090 1094 1155 1155 aliis
1173 1110 1225 1155 an·

266 1176 382 1240 nalibus
397 1180 525 1239 invenio.

239 1266 251 1318 t
327 1262 425 1323 XXIV.
442 1262 556 1323 Eodem
571 1280 649 1323 anno
663 1260 875 1322 Alexandream
888 1261 919 1320 in
929 1260 1060 1340 Aegypto
1072 1259 1226 1340 proditum

265 1345 427 1416 conditam,
452 1346 708 1425 Alexandrumque
722 1345 805 1424 Epiri
829 1360 931 1422 regem
950 1343 987 1406 ab
1006 1342 1090 1405 exule
1105 1343 1226 1405 Lucano

238 1429 454 1491 tinteriectum
471 1436 565 1490 sortes
579 1428 729 1489 dodonaei
746 1428 820 1488 lovis
841 1434 947 1490 eventu
967 1427 1146 1489 adfirmasse.
1176 1447 1225 1490 ac·

264 1513 321 1573 cito
333 1512 369 1573 ab
384 1512 552 1573 Tarentinis
562 1513 593 1571 in
606 1511 719 1574 ltoliam
731 1511 797 1571 data
809 1512 898 1572 dictio
909 1519 986 1584 erat,
1003 1517 1119 1574 careret
1129 1510 1224 1573 Ache·

264 1597 375 1657 rusiam
390 1614 495 1675 aquarn
510 1596 743 1675 Pandosiamque
757 1595 879 1664 urbem;
899 1595 941 1655 ibl
956 1595 1024 1658 latis
1042 1596 1105 1655 eius
1121 1597 1225 1657 termi-

237 1683 336 1738 3num
356 1678 428 1740 dari.
463 1698 555 1758 eoque
578 1682 659 1741 ocius
680 1680 841 1741 transmisit
869 1680 901 1739 iu
922 1679 1051 1748 ltaliam,
1082 1686 1225 1759 utquam

261 1763 388 1822 maxime
408 1763 512 1842 procul
533 1762 650 1824 abesset
666 1762 740 1823 urbe
760 1762 905 1825 Pandosia
929 1763 960 1823 in
975 1764 1065 1844 Epiro
1086 1770 1116 1824 et
1128 1761 1226 1824 Aehe-

261 1855 347 1906 ronte
360 1848 452 1917 amni,
468 1865 557 1927 quem
573 1866 609 1908 ex
618 1844 774 1908 Molosside
786 1846 928 1908 liuentem
943 1848 975 1907 in
990 1855 1091 1926 stagna
1106 1846 1225 1910 interna

233 1931 369 2010 taccipit
383 1929 576 2010 Thesprotius
592 1932 684 1992 sinus.
717 1939 848 1991 ceterum
868 1938 902 1992 ut
922 1930 1016 1992 termo
1037 1928 1177 2010 fugiendo
1192 1932 1226 1992 in

261 2013 356 2074 media
379 2014 437 2075 iata
458 2016 568 2087 ruitur,
590 2033 659 2076 cum
681 2032 767 2094 saepe
788 2014 918 2075 Bruttias
934 2015 1124 2095 Lucanasque
1151 2013 1223 2093 legi·

260 2115 333 2159 ones
350 2098 486 2171 fudisset,
504 2099 676 2161 Heracleam
690 2099 918 2160 Tarentinorum
937 2097 1096 2169 coloniam,
1114 2097 1225 2159 Poten-

260 2183 331 2243 tiam
352 2202 389 2244 ex
404 2183 530 2245 Lucanis
545 2185 759 2264 Sipontumque
776 2182 813 2220 ¹⁸¹*
828 2182 1009 2243 Bruttiorum
1024 2200 1059 2243 ac
1072 2183 1222 2251 Terinam,

259 2265 330 2328 alias
344 2266 414 2328 inde
429 2268 641 2349 Messapiorum
663 2285 696 2328 ao
706 2267 898 2328 Lucanorum
917 2268 1043 2347 cepisset
1063 2265 1172 2337 urbes,
1190 2266 1225 2328 et

259 2357 406 2412 trecentas
422 2351 548 2414 familias
563 2351 704 2412 inlustres
719 2351 751 2410 in
767 2350 905 2430 Epirum,
928 2369 1000 2430 quas
1015 2348 1152 2411 obsidum
1169 2368 1222 2411 nu·

232 2441 344 2495 omero
359 2434 496 2504 haberet,
515 2437 655 2505 misisset,
671 2433 749 2495 hand
766 2432 871 2513 procul
884 2432 1028 2495 Pandosia
1042 2432 1116 2494 urbe
1134 2435 1223 2495 inmi-

259 2524 349 2577 nente
366 2516 492 2578 Lucanis
509 2537 543 2578 ac
559 2519 682 2580 Bruttiis
700 2517 807 2578 linibus
827 2518 881 2578 tris
895 2516 1023 2579 tumulos
1039 2515 1223 2596 aliquantum

259 2600 337 2659 inter
351 2616 383 2659 se
397 2599 539 2661 distantes
553 2601 675 2674 insedit,
691 2601 844 2681 exquibus
857 2602 1041 2663 incursiones
1054 2602 1086 2661 in
1102 2619 1223 2663 omnem

228 2690 245 2742 o
258 2689 374 2761 partem
386 2684 449 2760 agri
460 2683 574 2745 hostilis
586 2685 705 2747 laceret.
731 2693 761 2745 et
772 2685 913 2747 ducentos
927 2687 1022 2747 ferme
1033 2685 1223 2746 Lucanorum

259 2764 360 2828 exules
378 2768 457 2829 circa
471 2785 503 2828 se
518 2786 574 2849 pro
588 2768 654 2829 ndis
663 2767 804 2840 habebat,
820 2776 853 2829 ut
867 2769 1008 2850 pleraque
1024 2770 1087 2829 eius
1102 2770 1222 2847 generis

227 2860 242 2909 7
256 2850 376 2929 ingenia
390 2857 472 2922 suut,
487 2870 554 2914 cum
568 2853 687 2916 fortuna
701 2850 872 2914 mutabilem
887 2860 1024 2932 gerentes
1038 2851 1138 2913 fidem.
1167 2852 1221 2911 ina·

257 2933 326 2996 bres
338 2936 470 2996 continui
481 2939 591 3018 campis
603 2937 738 2997 omnibus
751 2935 900 2997 inundatis
907 2955 973 2997 cum
985 2934 1223 2997 interclusissent

258 3019 404 3080 trifariam
421 3022 582 3082 exercitum
598 3039 615 3081 a
630 3027 732 3081 mutuo
754 3020 832 3079 inter
854 3038 886 3080 se
908 3018 1030 3090 auxilio,
1053 3018 1111 3080 duo
1134 3037 1220 3099 prae·

256 3102 345 3174 sidia,
362 3122 436 3182 quae
449 3105 513 3165 sinc
525 3122 596 3183 rego
608 3110 706 3170 erant,
722 3103 871 3181 inproviso
885 3103 1015 3165 hostium
1028 3101 1156 3164 adventu
1166 3121 1219 3182 op-

256 3189 440 3268 primuntur:
458 3187 619 3268 deletisque
630 3189 672 3248 eis
683 3186 719 3247 ad
733 3187 825 3265 ipsius
836 3186 1020 3248 obsidionem
1032 3204 1136 3247 omnes
1148 3204 1217 3247 con·

226 3273 342 3332 eversi.
372 3271 440 3333 inde
455 3271 492 3334 ab
507 3274 632 3334 Lucanis
650 3269 783 3333 exulibus
799 3269 836 3330 ad
851 3289 919 3333 suos
934 3271 1030 3332 nuntii
1044 3270 1127 3331 missi
1140 3279 1218 3335 sunt

254 3362 401 3436 pactoque
413 3355 511 3417 reditu
525 3357 703 3437 promissum
718 3363 764 3417 est
778 3372 880 3434 regem
895 3364 945 3417 ant
963 3356 1060 3416 vivum
1075 3360 1125 3415 ant
1138 3371 1218 3415 mor·

226 3442 338 3498 omum
357 3439 389 3499 in
410 3445 584 3518 potestatem
606 3440 735 3501 daturos.
768 3446 900 3500 ceterum
922 3458 989 3501 cum
1011 3437 1135 3499 delectis
1155 3437 1219 3516 ipse
