2575 4067
236 244 295 307 154
448 255 540 298 umus
555 256 585 298 x.
601 253 670 298 oar.
685 241 712 298 b.
727 242 752 295 7.
768 231 809 315 [a.
823 255 855 298 n.
870 253 897 297 o.
913 232 975 315 454]

193 404 300 485 lupari
322 402 464 464 siderent.
497 400 673 464 simulabant
688 400 724 464 ad
742 399 814 462 deos
832 398 863 459 id
884 400 977 478 magis
997 416 1085 481 quam
1104 397 1142 462 ad
1161 417 1195 463 se

232 489 396 568 pertinere:
422 487 500 567 ipsos
519 487 647 557 visuros,
670 503 707 546 ne
728 501 812 548 sacra
836 501 888 543 sua
910 481 1096 562 polluantur;
1117 480 1148 544 ld
1161 500 1194 545 se

234 578 337 652 optare
357 578 485 642 tantum,
512 588 627 649 nequa
652 571 767 629 iurem
795 565 942 647 publicam
965 564 1064 627 clades
1084 567 1191 630 renlat.

194 656 332 716 linricus
347 661 444 715 autem
460 649 627 724 tetendero,
649 652 762 715 adsueti
781 652 839 711 iam
861 649 912 711 tali
931 667 1042 728 genere
1056 649 1194 711 certami-

234 757 305 800 num
325 738 417 807 vinei;
440 745 470 798 et
489 735 652 799 cernebant
669 735 852 796 adversarios
873 750 933 794 non
954 733 1000 804 ld,
1023 732 1102 812 quod
1123 731 1194 795 olim

234 825 280 883 rix
294 822 491 901 sperauerint,
506 819 700 890 adfectantes,
721 834 844 897 magnos
853 817 1000 888 honores,
1027 816 1080 879 sed
1095 818 1192 878 omnia

233 907 307 975 iam,
334 906 366 964 in
391 921 517 985 quorum
541 919 624 982 spem
649 901 768 963 dubiam
791 908 854 963 erat
874 907 1033 970 certatum,
1061 900 1190 983 adeptos

148 1001 151 1006 ’
234 986 410 1066 multiplices
422 984 590 1048 consulatus
604 1002 801 1064 censurasque
817 991 846 1044 et
863 983 1038 1063 triumphos.

206 1079 219 1132 1
295 1071 353 1131 Vll.
385 1071 535 1132 Certatum
555 1076 654 1131 tamen
676 1067 826 1130 suadenda
851 1066 1107 1147 dissuadendaque
1126 1063 1195 1147 lege

233 1156 311 1216 inter
331 1156 383 1234 dp.
405 1152 557 1216 Claudium
583 1153 710 1214 maxime
737 1151 837 1212 ierunt
863 1158 893 1211 et
916 1151 994 1212 inter
1013 1151 1047 1214 P.
1069 1149 1192 1213 Decium

207 1240 356 1300 nllurem.
389 1238 439 1316 qui
456 1255 523 1298 cum
538 1234 641 1297 eadem
664 1235 757 1296 ierme
769 1234 806 1295 de
822 1236 888 1296 iure
902 1242 1020 1315 patrum
1035 1252 1070 1296 ac
1086 1231 1196 1314 plebis,

232 1338 308 1403 quae
322 1339 377 1401 pro
395 1320 459 1399 lege
473 1320 582 1381 LicinIa
593 1318 741 1398 quondam
750 1324 911 1397 contraque
923 1336 989 1379 eam
1003 1319 1080 1380 dicta
1097 1327 1193 1401 mant,

202 1410 301 1466 tcum
320 1403 433 1484 plebeis
456 1402 624 1464 consulatus
650 1401 825 1480 rogabatur,
850 1400 1072 1473 disseruissent,
1098 1408 1191 1464 rettu-

232 1487 302 1548 lisse
322 1486 430 1547 dieitur
451 1486 556 1547 Decius
580 1487 713 1564 parentis
736 1487 781 1546 sul
809 1486 955 1563 speciem,
982 1484 1101 1566 qualem
1125 1503 1192 1547 eum

234 1568 330 1640 multi,
350 1570 404 1647 qui
416 1569 447 1629 ln
462 1569 599 1629 contione
614 1574 714 1640 erant,
730 1568 880 1639 viderant,
899 1569 1062 1630 incinctum
1076 1567 1192 1631 Gabino

234 1652 314 1713 esdtu
333 1668 423 1729 super
445 1649 534 1711 telum
556 1658 697 1722 stantem,
719 1670 778 1731 quo
797 1670 829 1733 se
842 1650 945 1712 babitu
961 1670 1016 1731 pro
1032 1650 1144 1732 populo
1159 1670 1193 1714 ac

205 1732 398 1813 ‹elegionibus
412 1734 550 1794 Romanis
571 1733 742 1796 devovisset.
776 1741 839 1796 tum
856 1735 888 1796 P.
905 1735 1027 1796 Decium
1039 1733 1192 1798 consulem

233 1834 340 1897 purum
357 1818 497 1896 piumque
518 1816 581 1877 debs
600 1817 807 1880 inmortalibus
826 1819 936 1889 uisum,
958 1836 1050 1898 aeque
1067 1836 1101 1881 ae
1117 1820 1144 1880 si
1158 1818 1192 1879 Τ.

204 1898 355 1963 oblanlius
381 1898 492 1976 collega
514 1900 576 1961 eius
602 1900 810 1963 desereretura
854 1901 981 1962 eundem
1001 1902 1034 1964 Ρ.
1060 1901 1192 1969 Decium,

233 1984 284 2064 qui
303 2000 387 2045 sacra
409 1980 526 2061 publica
548 1982 650 2064 populi
671 1984 796 2046 Romani
818 1983 943 2056 iaceret,
972 1983 1033 2064 legi
1054 1986 1112 2047 rite
1133 2004 1193 2048 non

232 2067 381 2147 potuisset
408 2066 439 2126 ld
450 2084 514 2129 esse
527 2067 709 2147 perieulum,
731 2086 769 2128 ne
787 2085 855 2129 suas
872 2085 977 2147 preces
991 2069 1090 2131 minus
1109 2069 1191 2131 audi·

232 2158 301 2212 rent
322 2151 362 2211 dii
383 2168 470 2229 quam
488 2151 575 2231 Appii
595 2150 726 2217 Claudiil
759 2152 866 2213 castius
886 2170 954 2213 eum
975 2169 1059 2215 saera
1078 2153 1190 2232 privata

205 2233 332 2297 efacere
348 2242 377 2296 et
388 2233 552 2312 religiosius
565 2234 636 2295 deos
648 2234 746 2296 colere
758 2253 846 2313 quam
860 2235 910 2296 sel
934 2254 1023 2316 quem
1038 2238 1192 2317 paenitere

231 2328 380 2388 sotorum,
401 2335 476 2397 quae
492 2335 547 2398 pro
563 2316 729 2397 republica
745 2319 978 2398 nuncupaverint
996 2326 1040 2381 tot
1056 2318 1192 2382 consides

233 2401 343 2481 plebei,
374 2408 416 2462 tot
435 2400 592 2461 dictatores
613 2408 665 2461 aut
692 2400 729 2462 ad
752 2403 897 2464 exereitus
918 2410 1023 2465 euntes
1044 2412 1095 2466 aut
1113 2405 1192 2466 iuter

207 2487 296 2563 tlpsa
313 2481 407 2544 bellai
439 2491 666 2545 numerarentur
682 2482 772 2546 duces
787 2501 889 2546 eorum
906 2503 1067 2557 annorum,
1085 2486 1191 2568 quibus

232 2565 415 2643 plebeiorum
431 2566 521 2627 ductu
538 2574 568 2626 et
588 2568 718 2644 auspicio
739 2585 788 2627 res
808 2570 872 2645 geri
896 2577 1019 2649 coeptae
1039 2572 1115 2640 sint:
1136 2589 1190 2632 nn·

233 2653 418 2708 metarentur
435 2648 592 2726 triumphi:
608 2651 667 2708 iam
683 2666 721 2708 ne
735 2649 893 2713 nobilitatis
907 2652 1026 2732 quidem
1041 2672 1112 2716 suae
1149 2653 1190 2716 le·

203 2728 314 2790 8belos
328 2729 489 2808 paenitere.
520 2746 575 2809 pro
591 2737 673 2792 certo
687 2730 811 2805 habere,
828 2734 943 2816 siquod
955 2754 1065 2818 repens
1079 2736 1100 2799 b
1141 2756 1191 2799 um

232 2812 359 2883 oriatur,
383 2829 443 2873 non
460 2811 525 2893 plus
536 2815 599 2894 spei
613 2814 678 2875 lore
691 2818 805 2877 senatui
823 2816 990 2899 populoque
1004 2821 1139 2884 Romano
1160 2822 1191 2883 lu

202 2897 361 2974 opsoniis
378 2915 466 2976 quam
487 2898 517 2957 iu
531 2896 645 2977 plebeis
667 2898 799 2961 ducibus.
828 2902 933 2981 „quod
948 2905 1069 2967 sumita
1085 2922 1120 2967 se
1145 2898 1193 2960 bt·

230 2978 311 3050 beat,
338 2981 386 3040 cui
410 2980 532 3042 deorum
557 2981 746 3043 hominumve
770 2982 923 3062 iudignum
944 2987 1039 3048 videri
1067 2983 1191 3068 potest“

231 3061 325 3140 inquit
346 3080 425 3134 „eos
447 3066 538 3135 viros,
563 3082 637 3143 quos
657 3083 708 3127 vos
728 3064 808 3126 sellis
828 3068 995 3142 curulibus,
1016 3078 1085 3150 toga
1105 3088 1189 3154 prae

232 3151 324 3215 texta,
347 3148 445 3208 tunica
460 3147 588 3227 palmata
605 3155 635 3210 et
656 3155 723 3228 toga
736 3150 814 3229 picta
837 3159 866 3211 et
887 3170 998 3215 corona
1019 3152 1191 3236 triumphali

230 3221 387 3308 laureaque
401 3230 592 3303 honorarius,
614 3250 740 3312 quorum
754 3231 857 3296 domos
873 3235 975 3314 spoliis
994 3237 1126 3302 hostium
1141 3238 1193 3301 ad-

231 3305 295 3369 llxis
311 3312 440 3391 insignes
456 3317 534 3377 inter
548 3314 620 3377 alias
637 3316 781 3386 feceritis,
800 3319 980 3395 pontillcalia
995 3329 1084 3401 atquc
1100 3340 1191 3403 augu-

190 3387 223 3440 10
234 3386 307 3451 ralia
325 3395 451 3475 insignia
472 3398 606 3462 adiceret
639 3402 690 3479 qul
713 3399 786 3460 lotis
810 3402 913 3483 optimi
935 3406 1057 3466 maximi
1085 3413 1192 3468 ornatu

232 3464 399 3549 decoratus,
422 3497 512 3541 cursu
527 3488 629 3543 aurato
650 3501 704 3563 per
718 3481 823 3544 urbem
844 3492 943 3549 vectus
965 3489 997 3550 in
1014 3488 1192 3571 Capitolium
