2575 4067
255 274 346 318 mun
361 273 416 316 vu.
433 271 502 317 can.
520 260 564 313 3².
582 259 625 312 33.
642 250 682 334 [ι.
697 253 732 315 C·
746 251 810 334 343]
969 258 1010 320 35

60 425 93 487 tis
111 433 154 485 est
175 423 353 503 praemium.
387 420 512 501 proinde
534 438 681 481 summum
707 420 843 499 quodque
867 430 1007 501 spectate,

60 507 166 577 milites,
185 507 287 567 docus.
315 524 383 577 non,
395 508 420 566 si
434 505 507 566 mlhl
521 521 629 565 uorum
642 504 700 565 hoc
712 503 830 566 Corvini
842 522 1007 584 cognomen
1018 511 1050 562 la

59 592 106 652 diis
118 589 292 652 auctoribus
305 590 439 650 homines
459 587 595 658 dedistis,
623 585 842 650 Publicolarum
860 597 1007 650 vetustum

57 674 175 735 lamiliae
190 683 313 735 nostrae
327 690 492 752 cognomen
502 671 644 733 memoria
656 672 791 732 excessit.
821 689 939 752 semper
949 690 1005 750 ego
1017 678 1050 732 10

57 757 165 837 plebem
176 758 343 819 Romanam
354 756 476 818 militine
487 756 633 835 domique,
650 756 794 835 privatus,
810 755 842 815 ln
852 756 1006 834 maglstn·

57 840 125 902 iius
135 843 237 921 parvis
252 842 438 921 magnisque,
454 858 546 920 aeque
557 838 693 900 tribunus
704 856 739 900 ac
759 836 878 909 consul,
901 837 1006 900 eodem

56 935 152 986 tenore
180 944 239 1007 per
260 942 363 986 omnes
390 922 529 1004 deinceps
561 922 729 985 consulatus
749 921 815 984 colo
842 930 930 1002 atque
957 939 1006 983 co·

56 1005 100 1071 lui.
137 1027 234 1088 nunc,
261 1008 340 1089 quod
362 1009 464 1079 instat,
492 1007 548 1068 diis
571 1006 649 1068 bene
658 1006 825 1069 iuvantibus
838 1023 947 1068 norum
962 1015 1005 1068 at·
1016 1015 1047 1065 17

55 1095 276 1240 dfe-ddi
288 1092 368 1237 ld?
369 1089 730 1237 miltidasim
741 1091 1006 1236 middin
1022 1182 1036 1233 1

56 1261 162 1322 lnlimos
184 1260 314 1322 militum
338 1258 418 1321 haud
444 1269 562 1338 gravate
588 1260 689 1320 munia
709 1257 856 1320 obeundo.
881 1260 914 1321 iu
935 1256 1037 1321 ludca

56 1355 202 1421 praeterea
228 1342 368 1412 militari,
393 1361 461 1404 cum
487 1342 648 1404 velocitatis
676 1343 840 1423 viriumque
867 1343 947 1404 luter
973 1360 1006 1403 se

55 1425 1006 1593 nnlrttnmnmrntnrn‘rmim,ztir

56 1602 109 1663 ret;
130 1596 216 1658 lactis
239 1595 387 1675 benignus
405 1612 461 1675 pro
481 1613 529 1667 re,
554 1594 638 1656 dictis
655 1593 734 1655 haud
749 1595 846 1656 minus
861 1593 1036 1655 llbertatisa

56 1675 159 1740 menae
170 1699 264 1761 quam
278 1696 349 1742 suae
361 1678 510 1758 dignitatis
520 1696 650 1748 memor,
666 1685 709 1748 et,
725 1696 784 1757 quo
795 1677 868 1740 nihil
882 1677 1004 1760 popula·

56 1761 109 1822 rius
125 1772 182 1835 est,
199 1763 310 1844 quibus
321 1762 433 1825 artibus
449 1764 574 1843 petierat
587 1763 790 1841 magistratus,
805 1762 908 1823 iisdem
919 1779 1003 1841 gere·

57 1842 106 1905 lat.
132 1848 232 1928 itaque
254 1848 407 1909 universus
429 1848 575 1909 exercicia
594 1845 762 1907 incredibili
782 1844 931 1908 alacritate
950 1846 1034 1906 ada

57 1925 247 1993 hortationem
260 1939 436 2011 prosecutus
447 1929 530 1992 duola
545 1931 650 1992 castris
666 1931 826 2010 egredimr.

110 2013 278 2087 Proelium,
295 2022 329 2077 ut
341 2014 421 2095 quod
437 2016 563 2076 maxime
579 2032 735 2094 umquam,
754 2015 819 2094 pari
834 2034 886 2097 spe
900 2015 1036 2077 noim-c

57 2113 116 2172 que,
127 2101 227 2179 aequis
233 2097 355 2170 viribus,
366 2116 434 2159 eum
445 2097 551 2158 fiducia
564 2098 610 2160 sul
620 2099 684 2159 siue
695 2107 866 2177 contemptu
876 2099 1004 2160 hostium

58 2184 239 2245 commissum
254 2189 309 2244 est.
337 2179 519 2243 Samnitibus
533 2181 676 2241 ferociam
690 2178 837 2258 augebant
853 2199 946 2243 norae
956 2188 1036 2242 reae

58 2271 147 2338 gestae
167 2276 198 2328 et
216 2284 328 2348 paucos
350 2274 419 2326 ante
441 2263 504 2326 dies
524 2264 673 2343 geminata
698 2263 834 2334 victoria,
864 2263 1005 2324 Romanis

58 2352 152 2409 cauma
162 2351 447 2431 quadringentorum
461 2363 606 2410 annorum
621 2345 728 2408 decora
742 2354 773 2407 et
785 2346 921 2408 conditae
937 2345 1006 2407 urbi

58 2429 1036 2597 tillidilidlltiiiltiliidf‘ldli⁷

59 2593 93 2655 ia
106 2601 317 2671 conflixerunt,
332 2610 366 2662 ut
382 2599 561 2680 aliquamdiu
582 2601 614 2661 in
633 2608 768 2662 neumam
788 2608 904 2680 partem
919 2598 1003 2661 incli-

59 2693 155 2745 narent
165 2688 252 2747 acles.
281 2694 344 2746 tum
355 2683 459 2746 consul
473 2684 700 2765 trepidationem
713 2683 891 2747 inlciendam
912 2695 1000 2755 ratus,
1017 2688 1034 2741 8

60 2767 165 2839 mando
186 2770 216 2831 ri
235 2767 307 2849 pelli
333 2786 393 2829 non
421 2776 572 2849 poteraut,
605 2767 752 2848 equitilnm
785 2769 913 2830 inmissis
941 2778 1004 2829 tur·

59 2839 125 2907 bare
134 2853 227 2929 prima
248 2854 333 2932 signa
351 2852 480 2913 hostium
502 2860 636 2913 conatur.
671 2850 811 2932 qucum
826 2854 1036 2933 nequiquamt)

60 2930 259 2998 tumrdtuantes
284 2937 316 2996 in
344 2934 439 3016 spatio
459 2937 565 3015 exiguo
590 2933 708 2997 volvere
727 2943 839 2996 turmas
858 2935 929 2996 vidit
948 2953 1004 2994 nec

61 3025 139 3085 l⁰⁸⁸e
160 3020 276 3099 aperire
293 3020 326 3080 in
347 3018 447 3081 hostes
464 3020 557 3091 mam,
577 3025 713 3082 revectus
737 3018 774 3079 ad
798 3018 1003 3096 antesignanos

62 3090 199 3172 ¹egiorium
223 3121 291 3164 oum
317 3102 482 3165 desiluisset
506 3121 544 3165 ex
569 3121 660 3184 equo,
693 3110 880 3175 „nostrum“
909 3101 1005 3181 inquit
1015 3106 1045 3159 10

63 3181 207 3272 „peditum
235 3185 324 3259 illud,
356 3185 478 3258 milites,
512 3196 557 3248 est
586 3204 675 3267 opus:
703 3187 866 3266 agitedum,
894 3195 927 3247 ut
957 3203 1004 3245 me

62 3262 195 3355 videritis,
216 3289 401 3352 quacumque
419 3271 570 3332 incessero
590 3271 623 3331 in
643 3271 737 3330 aciem
758 3268 901 3340 hostium,
923 3268 1003 3329 lerro

64 3356 130 3408 uam
143 3351 306 3427 facientem,
328 3357 372 3417 sic
391 3372 447 3435 pro
463 3372 495 3415 se
515 3355 639 3434 ordoque
665 3350 766 3413 obvios
786 3353 927 3422 sternite;
954 3350 1003 3414 illa

64 3433 166 3505 mliii.
188 3456 245 3517 qua
258 3457 339 3501 nunc
354 3447 472 3501 erectae
491 3439 602 3499 micant
615 3438 732 3507 hastae,
746 3437 892 3517 patefacta
905 3446 1003 3516 strage

64 3521 133 3576 tosta
148 3525 304 3586 cernetis.⁴'
330 3524 405 3585 haec
421 3523 499 3585 dicta
513 3522 651 3592 denen,
667 3539 734 3582 cum
749 3522 861 3602 equites
875 3522 1004 3584 consulis
1013 3529 1041 3578 n

758 3611 801 3670 3⁸
