2575 4067
257 210 317 271 302
395 224 488 266 xmus
504 225 582 267 1111.
598 225 667 266 oar.
681 212 725 266 45.
741 212 786 266 46.
800 214 845 266 47.
863 202 902 284 [a.
917 227 948 267 u.
965 227 991 266 o,
1007 204 1072 286 538]

256 378 364 450 querito
374 369 478 441 Paulo,
494 373 562 451 quia
573 373 665 450 magis
681 389 740 432 non
757 371 885 450 probare
897 388 983 450 quam
1002 387 1062 430 non
1075 370 1217 432 adiuvare

226 453 408 515 oconsilium
428 462 552 534 poterat.
589 457 765 533 transgressi
786 455 896 516 llumen
917 471 966 514 eas
988 472 1119 533 quoque,
1141 472 1216 534 quas

254 537 286 596 iu
300 539 403 598 castris
417 537 581 599 minoribus
595 538 772 609 habuerant,
795 540 895 618 copias
913 539 974 598 suis
985 535 1150 615 adiungunt
1171 547 1216 600 at·

254 638 311 699 que
332 622 373 682 ita
390 622 539 683 instruunt
558 625 667 684 aciemr
687 624 718 681 in
735 621 840 682 dextro
863 640 955 683 cornu
971 655 1011 667 -
1025 620 1057 680 id
1078 629 1143 681 erat
1158 621 1213 682 liu·

254 705 328 764 mini
344 707 466 784 propius
483 739 518 750 -
536 705 685 767 Romanos
701 707 813 785 equites
830 705 942 777 locant,
959 703 1065 765 deinde
1080 704 1212 783 pedites:

227 786 368 848 tlaevum
382 806 476 849 cornu
490 790 614 850 extremi
632 790 746 869 equites
764 790 928 859 sociorum,
949 789 1027 848 intra
1046 788 1162 865 pedites
1176 788 1213 847 ad

253 871 382 933 medium
399 874 491 934 iuncti
510 871 676 951 legionibus
690 874 830 934 Romanis
845 880 1016 941 tenuerunt:
1038 870 1213 932 iaculatores

254 971 321 1015 cum
342 958 448 1017 ceteris
472 955 578 1017 lorium
601 973 751 1018 armorum
773 956 887 1018 auxiliis
905 957 1002 1036 prima
1021 957 1099 1016 acies
1124 955 1211 1015 lacta.

224 1038 390 1100 tconsules
412 1057 523 1101 cornua
544 1048 716 1111 tenuerunt,
743 1040 899 1101 Terentius
919 1039 1049 1108 laevum,
1071 1040 1212 1100 Aemilius

253 1121 405 1191 dextrum:
421 1123 545 1184 Gemino
562 1123 685 1185 Servilio
702 1124 798 1185 media
813 1141 912 1204 pugna
927 1123 1036 1184 tuenda
1049 1121 1124 1182 data.

228 1210 240 1260 l
316 1206 412 1268 llLVl⁴
448 1205 595 1268 Hannibal
619 1206 685 1267 luce
711 1208 805 1287 prima
825 1205 988 1268 Baliaribus
1015 1205 1129 1285 levique
1156 1205 1212 1266 alia

253 1297 400 1351 armatura
419 1293 581 1370 praemissa
593 1298 795 1369 transgressus
810 1291 935 1362 flumen,
958 1298 990 1351 ut
1005 1306 1137 1370 quosque
1151 1296 1212 1350 tra·

226 1371 391 1443 eduxerat,
413 1375 453 1435 ita
476 1376 506 1435 in
523 1376 587 1436 acle
608 1374 739 1436 locabat:
762 1373 861 1436 Gallos
873 1375 1076 1454 Hispanosque
1099 1384 1213 1452 equites

252 1473 345 1536 prope
361 1459 456 1537 ripam
470 1458 551 1520 laevo
566 1461 598 1519 in
610 1476 704 1520 cornu
715 1458 854 1519 adversus
864 1459 1029 1520 Romanum
1041 1457 1211 1536 equitatum,

228 1546 244 1594 3
255 1539 391 1601 dextrum
404 1559 497 1601 cornu
507 1542 641 1603 Numidis
652 1540 798 1622 equitibus
811 1543 926 1612 datum,
943 1540 1039 1602 media
1051 1541 1113 1601 acie
1128 1540 1212 1617 pedi·

252 1622 330 1683 tibus
352 1624 481 1692 firmata,
507 1626 547 1686 ita
559 1633 592 1685 ut
605 1625 746 1687 afrorum
764 1634 888 1706 utraque
905 1642 1015 1685 cornua
1031 1631 1144 1694 essent,
1165 1626 1212 1683 in·

227 1714 482 1783 atorponerentur
506 1708 552 1768 bis
572 1709 662 1769 medii
676 1708 750 1771 Galli
769 1717 857 1789 atque
869 1709 1001 1788 Hispani.
1045 1707 1133 1768 diros
1153 1706 1212 1767 llo·

252 1806 369 1850 manaan
387 1808 493 1867 magna
508 1810 544 1851 ex
563 1801 649 1870 parte
665 1793 803 1854 crederes
817 1795 926 1854 aciem:
947 1793 987 1852 ita
1007 1791 1112 1851 murati
1127 1797 1213 1851 erant

252 1873 342 1933 nmis
357 1874 437 1934 etad
454 1874 607 1946 Trebiam,
630 1884 762 1938 ceterum
777 1894 883 1954 magna
897 1893 934 1935 ex
948 1882 1033 1953 parte
1048 1873 1085 1934 ad
1102 1874 1211 1934 Trasu-

223 1964 392 2018 omermum
406 1960 507 2037 captis.
542 1958 631 2021 Gallis
645 1960 839 2041 Hispanisque
854 1966 935 2019 scuta
952 1957 1083 2019 eiusdem
1097 1956 1212 2017 iormao

251 2040 326 2100 lere·
337 2048 435 2113 erant,
458 2043 590 2123 dispares
611 2062 645 2105 ac
660 2042 815 2104 dissimiles
830 2042 933 2120 gladii,
954 2040 1044 2102 Gallis
1058 2038 1212 2119 praelongi

251 2142 286 2184 ac
300 2126 364 2186 sine
383 2127 588 2198 mucronibus,
607 2126 752 2205 Hispano,
774 2127 907 2206 punch
928 2125 1021 2203 magis
1036 2141 1124 2202 quam
1144 2142 1211 2184 cao·

251 2210 306 2269 sim
321 2209 440 2271 adsueto
454 2218 556 2289 petere
570 2210 703 2280 bostem,
727 2209 869 2270 brevitate
890 2207 1002 2269 habiles
1016 2215 1129 2268 etcum
1145 2226 1212 2268 mu-

251 2292 400 2354 cronibus.
433 2301 548 2354 sancet
568 2293 641 2353 alius
656 2293 774 2354 babitus
796 2294 927 2371 gentium
943 2291 1049 2352 harum
1064 2309 1133 2352 cum
1148 2309 1211 2353 ma·

225 2377 405 2454 tgnitudine
420 2395 579 2456 corporum
590 2384 653 2438 tum
669 2378 767 2456 specie
777 2376 917 2437 terribilis
928 2385 1004 2436 erat:
1036 2373 1110 2436 Galli
1121 2390 1212 2453 super

250 2458 420 2521 umbilicum
439 2468 523 2521 erant
538 2461 624 2529 nudi;
645 2461 767 2540 Hispani
785 2459 882 2520 linteis
899 2460 1059 2540 praetextis
1079 2475 1211 2539 purpura

250 2544 356 2603 tunicis
376 2544 505 2605 candore
524 2546 600 2604 miro
622 2543 802 2623 fulgentibus
824 2544 1025 2605 constiterant.
1069 2559 1212 2604 numerus

251 2628 382 2687 omnium
396 2628 543 2705 peditum,
563 2629 614 2706 qui
635 2634 698 2688 tum
713 2635 858 2690 steterunt
874 2629 906 2688 iu
923 2627 1000 2695 acie,
1020 2625 1136 2686 milium
1155 2623 1212 2685 luit
1286 2699 1287 2704 γ

223 2706 456 2787 7quadraginta,
480 2710 733 2790 dooemequitum.
765 2710 855 2771 duces
876 2707 1015 2771 cornibus
1036 2717 1210 2787 praeerant:
1286 2707 1287 2714 ’

250 2792 369 2855 sinistro
377 2792 559 2864 Hasdrubal,
572 2793 675 2854 dextro
681 2794 847 2863 Maharbal;
857 2793 987 2855 meddam
999 2793 1091 2854 aciem
1097 2792 1212 2853 Hanni·

220 2874 296 2937 ubal
317 2878 381 2956 ipse
401 2895 468 2938 oum
489 2877 581 2940 iratre
600 2879 725 2958 blagone
746 2880 848 2939 tenuit
876 2877 921 2939 sol
941 2895 994 2937 sen
1008 2875 1045 2936 de
1065 2875 1211 2936 industria

249 2962 290 3022 lta
304 2961 423 3032 locatis,
443 2980 496 3024 seu
510 2961 589 3040 quod
608 2962 686 3023 iorte
703 2963 743 3023 ita
757 2969 880 3032 stetero,
901 2967 1123 3041 peropportune
1136 2960 1212 3019 utri·

250 3064 306 3123 que
324 3048 402 3125 parti
415 3045 551 3126 obliquus
566 3054 643 3117 erat,
662 3046 802 3108 Romanis
816 3046 847 3104 in
862 3042 1032 3113 meridiem,
1053 3043 1163 3102 Poenis
1180 3045 1212 3102 in

221 3131 489 3208 tseptemtriouem
505 3131 604 3190 versis.
644 3136 749 3190 ventus
765 3163 800 3174 -
823 3128 995 3189 Volturnum
1013 3126 1143 3204 regionis
1166 3127 1212 3185 io·

250 3211 332 3274 colas
346 3223 507 3275 vocant-
523 3212 662 3275 adversus
676 3213 816 3275 Romanis
836 3222 955 3273 coortus
974 3209 1076 3270 multo·
1088 3207 1212 3288 pulvere

249 3297 281 3356 in
297 3298 361 3379 ipsa
376 3316 429 3360 ora
442 3297 583 3358 volvendo
597 3303 786 3376 prospectum
802 3294 918 3357 ademit

225 3387 239 3438 t
313 3381 422 3443 xtvu.
452 3381 587 3444 Clamore
602 3379 718 3441 sublato
731 3397 907 3459 procursum
924 3379 963 3439 ab
977 3375 1092 3438 auxiliis
1106 3383 1137 3436 et
1156 3392 1210 3455 pu·

250 3480 307 3535 gna
332 3463 443 3525 levibus
470 3467 597 3541 primum
625 3465 715 3525 armis
743 3465 914 3532 commissa:
944 3459 1051 3523 delude
1078 3459 1210 3539 equitum
