2575 4067
259 243 320 304 290
435 254 529 295 amun
543 256 620 296 1111.
637 256 706 297 ose.
722 241 766 295 al.
781 243 825 296 32.
842 235 881 316 [a.
895 259 924 297 u.
941 259 967 297 o.
983 235 1046 316 537]

230 412 247 459 e
320 400 459 463 Omnium
476 420 571 482 prope
593 402 714 463 annales
735 402 859 464 Fabium
885 402 1057 463 dictatorem
1081 402 1245 465 adversm

257 484 451 546 Hannibalem
476 503 541 547 rem
571 488 696 564 gessisse
720 486 856 554 tradunt;
888 484 1004 548 Coelius
1031 486 1130 546 etiam
1168 506 1244 548 eum

230 570 387 649 tprimum
404 588 420 630 a
435 568 545 649 populo
561 578 693 630 creatum
707 570 882 630 dictatorem
897 568 1008 630 scribit.
1034 568 1093 629 sed
1105 576 1140 629 et
1160 570 1243 632 Coe-

257 650 330 712 lium
353 661 383 713 et
402 661 518 713 ceteros
538 651 614 731 fugit
633 654 686 713 uni
707 651 821 715 consuli
842 653 895 715 Gn.
918 650 1056 722 Servilio,
1081 654 1141 730 qui
1173 663 1241 714 tum

257 734 362 815 procul
377 738 408 796 in
419 736 511 799 Galba
526 738 678 816 provincia
692 735 809 806 aberat,
826 737 872 797 ius
886 736 976 797 luisse
991 735 1116 795 dicendi
1134 737 1241 797 dicta·

218 824 250 876 to
262 820 350 887 toris;
366 838 454 897 quam
470 836 584 881 moram
601 821 670 899 quia
685 828 841 898 expectare
857 821 961 880 territa
977 820 1036 879 iam
1052 818 1144 880 clade
1164 822 1239 881 civi·

258 910 303 962 tas
317 920 377 964 non
392 912 523 983 poterat,
545 921 580 963 eo
598 902 755 963 decursum
771 912 829 974 est,
853 910 917 964 uta
931 901 1040 982 populo
1056 912 1237 972 crearetur.

218 991 246 1042 tt
260 987 312 1065 qul
325 1004 380 1066 pro
399 986 541 1046 dictatore
557 996 650 1053 esset;
665 1003 714 1046 res
727 985 799 1046 inde
818 995 914 1064 gestas
925 984 1114 1064 gloriamque
1134 988 1236 1064 insig-

261 1086 329 1130 nem
351 1068 433 1129 ducis
449 1077 478 1129 et
497 1071 631 1148 augentis
649 1067 765 1130 titulum
778 1071 916 1149 imaginis
936 1081 1090 1149 posteros,
1121 1080 1169 1140 ut,
1184 1072 1234 1150 qut

257 1170 313 1232 pro
325 1152 468 1213 dictatore
480 1154 598 1231 fuisset,
613 1154 741 1213 ds’ototor
752 1153 932 1223 crederetur,
945 1152 1030 1212 facile
1046 1151 1230 1215 obtinuisse

237 1243 248 1292 t
324 1234 438 1297 XXXII.
475 1233 616 1297 consedes
636 1235 740 1296 Atilius
762 1235 894 1297 Fabiano
914 1235 1055 1296 Geminus
1077 1235 1231 1297 Servilius

258 1319 426 1380 Minuciano
442 1321 573 1381 exercitu
594 1328 716 1397 acoepto
736 1318 935 1380 hibernaculis
956 1328 1070 1379 mature
1087 1337 1229 1381 commu·

259 1402 328 1462 uitis
345 1435 381 1447 -
394 1402 525 1464 medium
535 1404 670 1464 autumni
681 1410 745 1463 erat
758 1400 884 1463 —Fabi
899 1401 1011 1463 artibus
1020 1419 1089 1462 cum
1106 1421 1228 1463 summa

229 1485 336 1545 tinter
346 1503 378 1546 se
391 1486 552 1547 eoncordia
562 1485 675 1546 bellum
686 1493 850 1564 gesserunt.
876 1486 1089 1548 frumentatum
1102 1487 1228 1547 exeunti

258 1565 416 1629 Hanniball
425 1568 547 1629 diversis
557 1568 631 1630 locis
641 1571 801 1648 opportuni
811 1568 935 1630 aderant
946 1573 1103 1648 carpentes
1114 1586 1225 1646 agmen

258 1650 430 1730 palatosque
454 1652 647 1730 excipientem
670 1654 700 1712 in
722 1671 823 1713 casum
837 1655 991 1713 universae
1013 1652 1223 1723 dimicationis,
1272 1649 1273 1708 l

259 1751 348 1812 quam
376 1732 513 1794 omnibus
544 1734 657 1796 artibus
684 1735 805 1814 petebat
829 1735 936 1806 hostis,
966 1753 1026 1796 uon
1048 1735 1221 1795 veniebant:

231 1815 392 1894 tadeoque
411 1817 512 1894 inopia
535 1826 580 1878 est
595 1829 715 1879 coactus
731 1818 892 1888 Hannibal,
914 1825 947 1878 ut
967 1820 1024 1879 nisi
1043 1836 1114 1878 cum
1134 1818 1220 1896 fugae
1272 1859 1273 1862 κ

260 1899 358 1978 specie
371 1898 539 1960 abeundum
549 1903 702 1970 timuisset,
715 1900 838 1963 Galliam
850 1904 1028 1981 repetiturus
1039 1901 1131 1961 luerit
1140 1900 1217 1961 nulla
1272 1905 1273 1908 ’

259 1981 362 2043 relicta
375 2000 428 2062 spe
440 1982 537 2044 alendi
550 1987 697 2046 exercitus
709 1986 740 2045 in
756 1986 798 2046 eis
808 1984 894 2055 locis,
910 1987 935 2045 si
945 1986 1136 2064 insequentes
1148 2002 1214 2045 con·
1272 1985 1273 2006 ¹

260 2065 338 2127 sules
354 2066 467 2128 eisdem
480 2068 593 2129 artibus
608 2068 720 2130 bellum
737 2078 886 2143 gererent.

232 2158 248 2206 t
323 2150 395 2212 Cum
409 2150 444 2212 ad
462 2151 642 2213 Gereonium
663 2154 721 2212 iam
737 2150 835 2211 bieme
855 2150 1025 2231 inpediente
1040 2153 1213 2212 constitisset

259 2233 385 2304 bellum,
401 2233 586 2312 Neapolitani
595 2234 684 2314 legati
699 2235 823 2294 Romam
838 2252 955 2295 venere.
989 2233 1026 2295 ab
1039 2235 1076 2294 iis
1092 2234 1211 2314 quadra·
1271 2283 1272 2312 .

260 2320 340 2395 ginta
352 2329 472 2396 paterae
479 2335 585 2379 aureae
594 2319 695 2396 magni
702 2316 880 2398 ponderisin
889 2319 1001 2378 curiam
1015 2316 1210 2396 inlataeatqne
1271 2341 1272 2378 4

232 2403 300 2463 tita
311 2400 400 2462 rerba
411 2400 495 2471 lacta,
508 2410 541 2462 ut
552 2402 699 2462 dicerem:
716 2402 792 2461 scire
806 2419 871 2461 sese
880 2399 982 2481 populi
996 2401 1126 2461 Romani
1134 2418 1208 2462 aera·
1271 2389 1272 2412 ¹

260 2486 337 2544 mum
352 2483 430 2544 bello
446 2485 608 2554 exhauriri,
632 2493 671 2556 et,
693 2503 759 2545 oum
773 2487 854 2544 iuxta
867 2503 923 2562 pro
937 2483 1061 2544 urbibus
1082 2486 1208 2563 agrisque

261 2568 409 2627 sociorum
427 2585 461 2627 ac
481 2586 536 2646 pro
557 2570 654 2648 capite
671 2577 758 2647 atque
779 2586 847 2629 arce
861 2566 976 2638 ltaliae,
998 2568 1073 2628 urbe
1087 2569 1207 2629 Romana

232 2655 347 2726 oatque
370 2651 510 2727 imperio,
530 2660 666 2728 geratur,
690 2669 814 2730 aequom
836 2652 985 2711 censuisse
999 2650 1207 2731 Neapolitanos,
1270 2705 1271 2712 ,

261 2730 416 2810 quodauri
438 2730 493 2790 sibl
508 2751 574 2793 oum
591 2734 627 2792 ad
651 2733 828 2813 templorum
849 2744 986 2795 ornatum
1009 2744 1072 2794 tum
1095 2734 1130 2794 ad
1144 2732 1206 2794 sub·

261 2813 368 2875 sidium
396 2813 532 2876 fortunae
553 2834 570 2877 a
595 2817 755 2878 maioribus
779 2816 915 2878 relictum
937 2817 1030 2889 foret,
1058 2837 1094 2878 eo
1116 2819 1207 2877 iurare

233 2899 400 2979 'tpopulum
421 2900 596 2962 Romanum.
639 2904 665 2962 si
687 2920 776 2982 quam
795 2919 882 2980 opem
903 2902 935 2961 in
962 2920 1027 2962 sese
1050 2901 1205 2968 crederent

261 2983 364 3047 eodem
382 2985 479 3045 studio
499 2984 588 3046 luisse
604 2985 763 3051 oblaturos.
793 2995 909 3063 gratum
924 2984 980 3044 sibi
996 2994 1095 3063 patres
1109 2984 1205 3045 lioma·
1269 3035 1270 3056 2

261 3085 315 3128 uos
329 3067 529 3147 populumque
543 3068 703 3138 facturum,
724 3071 749 3129 si
770 3087 873 3130 omnes
894 3086 943 3129 res
957 3068 1206 3148 Neapolitanorum

233 3156 327 3211 isuas
343 3151 507 3222 duxissent,
525 3152 687 3231 dignosque
701 3152 908 3221 iudicaverint,
923 3150 959 3212 ab
977 3151 1082 3230 quibus
1096 3150 1204 3219 donum,
1269 3139 1270 3206 l

177 3265 181 3271 ·
261 3236 358 3294 animo
373 3253 408 3295 ac
423 3233 570 3297 voluntate
582 3254 699 3307 eorum,
715 3238 765 3315 qui
794 3234 923 3296 libentes
940 3235 1059 3305 darent,
1075 3253 1158 3313 quam
1175 3253 1206 3294 re

233 3320 352 3378 immas
373 3318 570 3399 ampliusque,
590 3321 768 3399 acciperent.
796 3318 898 3399 legatis
919 3321 1031 3396 gratiae
1051 3328 1131 3378 actae
1156 3336 1206 3396 pro

261 3402 458 3463 munificentia
477 3421 619 3483 curaque;
636 3416 751 3479 patera,
777 3422 853 3483 quae
869 3401 1010 3482 ponderis
1024 3402 1135 3462 minimi
1148 3400 1198 3460 luit

262 3494 390 3559 accepta.
