2575 4067
237 224 300 287 268
433 238 527 281 omna
540 237 618 280 xxn.
631 236 699 278 oar.
715 224 742 278 8.
753 223 780 274 9.
799 214 840 296 [s.
852 237 883 277 u.
899 237 926 277 e.
941 212 1005 296 bat]

211 394 226 444 r
238 400 325 447 eausa
336 385 430 463 magis
440 402 528 464 pam
539 383 634 446 valido
650 384 765 463 gravior
776 383 950 452 sentiretur,
966 384 1006 441 ita
1017 390 1079 443 tum
1091 399 1200 461 aegrae

239 474 268 529 et
282 466 414 528 adfectae
430 468 539 528 civitati
552 467 757 548 quodcumque
774 465 890 526 adversi
903 465 1057 543 inciderit,
1074 483 1135 526 non
1150 485 1201 527 re·

237 568 304 612 rum
318 551 529 629 magnitudine,
544 550 598 612 sed
615 549 726 612 viribus
744 549 916 621 extenuatis,
931 566 1006 627 quae
1023 547 1107 621 nibil,
1118 550 1201 629 quod

210 634 426 712 oedgravaret,
452 635 514 713 pati
536 642 672 714 possent,
696 633 909 695 aestimandum
929 649 1003 693 esse.
1037 634 1138 713 itaque
1162 633 1200 694 ad

237 716 402 778 remedium
427 718 487 779 iam
515 718 566 778 diu
590 734 686 797 neque
714 716 913 779 desideratum
938 733 995 777 neo
1023 715 1199 786 adhibitum,

238 800 411 862 dictatorcm
436 800 607 871 dicendum,
628 802 728 861 civitas
748 799 889 878 confugit.
918 807 948 860 et
965 801 1034 878 quia
1050 807 1081 861 et
1095 799 1200 861 consul

237 883 352 954 aberat,
374 902 464 963 aquo
479 901 538 945 uno
554 884 612 946 diei
630 901 717 964 posse
737 882 906 953 ridebatur,
928 900 984 943 neo
1003 901 1058 963 per
1073 900 1200 962 occupa·

237 975 298 1028 tam
323 968 414 1028 armis
434 968 552 1029 Punicis
577 967 690 1029 ltaliam
714 966 800 1027 facile
825 974 889 1028 erat
915 974 965 1027 aut
989 967 1124 1028 nuntium
1150 974 1200 1029 aut

208 1048 349 1111 blitteras
360 1051 449 1120 mitti,
465 1067 521 1111 nec
533 1051 706 1112 dictatorem
720 1047 846 1130 populus
857 1067 960 1111 creare
973 1056 1104 1129 poterat,
1119 1051 1199 1130 quod

238 1150 399 1214 numquam
413 1140 482 1194 ante
497 1152 562 1195 eam
578 1133 657 1194 diem
670 1134 780 1194 lactum
795 1140 876 1205 erat,
897 1132 1131 1210 prodictatorem
1146 1152 1199 1214 po·

236 1216 324 1297 pulus
344 1217 454 1278 crearit
467 1216 502 1288 Q.
521 1215 643 1278 Fabium
657 1217 816 1278 Maximum
831 1224 860 1277 et
878 1217 1051 1295 magistrum
1067 1219 1200 1297 equitum

209 1300 275 1362 rbl.
289 1301 450 1362 lllnucium
464 1300 589 1369 Rufums
611 1300 714 1380 hisque
734 1302 884 1378 negotium
907 1299 945 1361 ab
968 1308 1072 1363 senatu
1087 1301 1198 1369 datum.

236 1391 270 1444 ut
287 1402 389 1446 muros
409 1392 566 1464 turresque
582 1382 665 1445 urbis
682 1385 834 1445 firmarem
850 1390 881 1444 et
898 1384 1046 1463 praesidia
1061 1385 1198 1464 dispone·

236 1475 313 1539 rent,
331 1467 438 1548 quibus
449 1466 522 1529 locis
536 1468 693 1538 rideretur,
709 1477 872 1547 pontesque
883 1466 1090 1529 rescinderent
1102 1468 1200 1529 llumi·

237 1568 324 1612 num:
349 1569 404 1630 pro
425 1549 500 1611 urbe
521 1567 556 1610 ac
578 1550 733 1629 penatibus
754 1551 952 1613 dimicandum
973 1569 1052 1623 esse,
1081 1551 1199 1631 quando

237 1632 348 1694 ltaliam
364 1634 442 1694 tueri
455 1634 635 1712 nequissent.

212 1723 225 1772 1
297 1715 346 1776 ix.
377 1714 523 1776 Hannibal
549 1725 631 1777 recto
657 1719 764 1777 itinere
789 1734 843 1797 per
864 1716 1016 1778 Umbriam
1041 1736 1134 1798 usque
1161 1718 1200 1779 ad

210 1795 401 1878 rspoletium
420 1800 508 1859 venit.
538 1798 608 1860 inde
628 1817 695 1861 cum
717 1799 910 1880 perpopulato
931 1819 1003 1879 agro
1024 1802 1131 1863 urbem
1146 1821 1199 1881 op·

235 1897 368 1960 pugnare
387 1880 507 1944 adortus
521 1892 614 1952 esset,
636 1900 704 1944 cum
724 1900 830 1961 magna
845 1885 936 1945 caede
957 1903 1080 1948 suorum
1097 1884 1198 1966 repul·

235 1981 300 2035 sus,
316 1965 485 2042 coniectans
497 1985 534 2027 ex
549 1968 636 2028 unius
646 1964 779 2027 coloniae
794 1966 872 2027 baud
887 1966 1039 2049 [minime]
1053 1987 1199 2049 prospere

207 2055 393 2127 atemptatus
408 2049 531 2120 viribus,
553 2056 663 2130 quanta
678 2050 772 2111 moles
786 2048 937 2111 Romanae
951 2050 1034 2112 urbis
1049 2060 1142 2122 esset,
1166 2054 1199 2113 in

235 2150 339 2211 agrum
352 2133 494 2195 Picenum
510 2135 615 2194 avertit
634 2134 692 2193 lter
705 2151 767 2195 uon
781 2135 866 2212 copia
881 2132 976 2196 solum
991 2136 1088 2196 omnis
1107 2152 1199 2214 gene·

234 2219 275 2277 ris
286 2216 405 2297 frugum
417 2216 630 2288 abundantem,
647 2217 699 2276 sed
711 2216 854 2277 refertum
864 2217 990 2296 praeda,
1007 2236 1095 2297 quam
1106 2220 1200 2280 eliuse

207 2300 311 2362 ravidi
326 2307 413 2380 atque
431 2308 551 2378 egentes
567 2299 732 2379 rapiebant
757 2299 800 2360 ibi
821 2318 877 2379 per
890 2300 953 2362 dics
970 2300 1081 2381 aliquot
1095 2304 1199 2365 stativa

233 2382 347 2454 habita,
362 2383 550 2463 refectusque
561 2383 646 2444 mdes
657 2383 789 2461 bibernis
802 2383 959 2446 itineribus
969 2403 1004 2445 ae
1015 2385 1141 2463 palustri
1153 2388 1198 2446 via

233 2465 405 2546 proelioque
422 2469 516 2544 magis
527 2466 564 2526 ad
581 2476 719 2528 eventum
735 2466 864 2528 seeundo
875 2486 964 2546 mam
981 2466 1103 2530 leviant
1117 2469 1198 2530 lacili

206 2549 375 2609 badlectus.
408 2548 460 2610 ubi
481 2550 551 2611 satis
565 2550 673 2629 quietis
688 2551 787 2611 datum
806 2551 917 2630 praeda
939 2569 974 2612 ao
998 2550 1197 2631 populationi-

233 2628 289 2689 bus
310 2633 404 2708 magis
424 2650 513 2710 quam
533 2632 592 2692 otio
609 2641 662 2692 aut
680 2636 782 2711 requie
808 2634 1019 2711 gaudentibus,
1045 2635 1199 2713 proiectus

233 2710 452 2774 Praetutianum
475 2714 655 2775 Hadrianum
677 2733 795 2792 agrum,
823 2717 935 2778 llarsos
957 2718 1026 2777 inde
1052 2718 1199 2779 Marmei·

234 2812 346 2875 nosque
367 2803 397 2856 et
412 2795 566 2874 Paelignos
588 2796 718 2859 devastat
733 2800 869 2879 circaque
883 2801 979 2879 Arpos
997 2808 1026 2860 et
1040 2800 1198 2862 Luceriam

204 2881 398 2960 dproximam
414 2879 536 2962 bpullae
554 2882 718 2960 regionem.
763 2883 815 2944 Gn.
837 2882 979 2944 Servilius
999 2882 1104 2944 conssul
1124 2882 1198 2945 leri-

230 2972 288 3030 bus
310 2969 435 3045 proeliis.
455 2985 521 3028 cum
537 2967 628 3028 Gallis
650 2971 737 3028 iactis
759 2974 790 3025 et
809 2982 868 3024 uno
884 2967 992 3040 oppido
1006 2965 1133 3039 ignobili
1149 2981 1199 3022 ex·

231 3058 372 3129 pugnato,
388 3056 544 3129 postquam
554 3051 591 3110 dc
603 3048 732 3125 collegae
745 3048 960 3125 exercitusque,
973 3044 1064 3106 caede
1076 3044 1201 3119 audivit,

232 3137 291 3194 iam
305 3131 463 3194 moenibus
482 3137 597 3213 patriae
612 3140 761 3201 metuens,
783 3148 822 3192 ue
845 3128 962 3191 abesset
981 3129 1011 3189 iu
1027 3128 1202 3188 discrimine

233 3224 377 3288 extremo,
400 3216 436 3277 ad
460 3217 567 3278 urbem
588 3219 646 3279 iter
668 3217 804 3278 intendit.
858 3260 860 3263 -

208 3311 224 3361 r
297 3300 330 3371 Q,
346 3298 457 3362 Fabius
472 3301 617 3363 Maximus
632 3300 761 3362 dictator
777 3301 885 3362 iterum
907 3314 965 3375 quo
981 3297 1030 3358 die
1044 3296 1204 3374 magistra·

232 3391 295 3444 tum
316 3384 383 3444 iniit
404 3394 509 3448 vocato
532 3392 653 3455 senatu,
677 3384 712 3445 ab
736 3384 791 3445 diis
814 3401 917 3452 orsus,
945 3399 1012 3445 cum
1035 3380 1206 3441 edocuisset

233 3473 348 3543 patres,
370 3466 438 3544 plus
460 3468 649 3547 neglegentia
671 3470 918 3531 caerimoniarum
942 3467 1207 3546 auspiciorumque
