2575 4067
237 217 304 293 338⁸
431 247 525 289 11111
538 247 629 289 mu.
642 247 711 290 oar.
729 234 771 290 19.
787 226 827 307 [e.
843 250 875 291 1.
890 250 916 290 1.
931 227 993 309 138]

213 407 226 458 1
301 392 376 454 xix.
408 394 545 456 Ceterum
561 395 735 455 mitescente
748 395 806 455 1111
817 394 915 456 hieme
928 395 1033 456 educto
1047 413 1086 455 ex
1097 393 1209 457 biber·

211 479 285 536 ²uis
313 475 405 537 1111111
428 475 587 539 Casilinum
614 476 701 538 redit
737 476 788 538 ubi
811 481 987 557 quamquam
1020 477 1057 538 ab
1084 496 1209 557 oppug-

91 582 94 590 ·
240 561 358 621 natione
387 557 532 621 cessatum
557 568 636 631 erat,
668 558 782 621 obsidio
816 569 916 622 tamen
948 562 1087 621 continua
1115 563 1208 640 oppi-

240 643 332 704 danos
362 643 598 724 praesidiumque
635 643 672 703 ad
700 641 835 715 ultimum
867 646 985 724 inopiae
1026 643 1207 705 adduxerat.

150 777 152 782 .
212 733 228 785 t
242 726 345 787 castris
359 725 498 788 Romanis
512 726 558 787 Ti.
579 726 772 806 Sempronius
786 735 924 806 praeerat
939 726 1080 788 dictatore
1101 729 1207 806 auspi·

140 817 144 826 ·
212 810 355 871 telorum
369 807 599 888 repetendorum
617 828 704 872 causa
717 809 850 888 proiecto
865 812 998 871 Romam.
1026 808 1205 875 Marcellum

241 902 271 954 et
293 893 391 973 ipsum
419 894 585 972 cupientem
610 894 691 954 ferre
717 892 857 955 auxilium
879 893 1006 954 obsessis
1031 902 1061 953 et
1082 891 1205 953 Voltur·
1272 883 1273 966 s

242 993 297 1037 nus
330 976 425 1037 amnis
458 975 577 1038 milatus
603 978 686 1055 aquis
713 982 743 1036 11
771 994 876 1056 preces
901 975 1081 1060 Nolanorum
1111 983 1204 1055 atque
1272 989 1273 1056 i

243 1060 459 1120 Acerranorum
473 1058 626 1130 tenebant,
651 1060 816 1139 Campanos
836 1061 1017 1128 timentium,
1037 1059 1063 1118 si
1087 1061 1205 1137 praesi-
1272 1087 1273 1090 ¹

214 1142 324 1203 odium
345 1140 510 1204 Romanum
530 1142 729 1204 abscessisset.
766 1142 917 1204 Gracchus
933 1142 1070 1204 adsidens
1085 1150 1204 1203 tantum

242 1223 385 1296 Casilino,
401 1228 470 1305 quia
483 1225 667 1305 praedictum
679 1233 743 1286 erat
758 1225 922 1296 dictatoris,
945 1223 1064 1305 nequid
1076 1224 1205 1286 absente

243 1327 278 1370 eo
300 1310 344 1369 rei
365 1318 499 1390 gereret,
527 1308 600 1370 nihii
625 1307 775 1379 movebat,
804 1326 980 1389 quamquam
1005 1327 1080 1389 quae
1113 1307 1204 1369 111111

164 1461 181 1472 ⁸
214 1401 360 1468 oomnem
371 1394 540 1470 patientiam
551 1394 704 1454 1111111111
718 1391 957 1454 nuntiabantura
972 1391 1113 1454 Gasiilrm:
1132 1410 1202 1452 uam

243 1484 273 1536 et
292 1477 501 1555 praecipitasse
520 1493 553 1535 se
575 1476 717 1555 quosdam
738 1494 797 1535 non
817 1474 977 1537 tolerantes
999 1476 1107 1536 famem
1132 1494 1203 1535 con·

242 1557 346 1629 stabat,
362 1565 478 1619 1111111
487 1559 617 1618 inermes
631 1560 662 1618 in
675 1559 767 1619 muris
778 1558 857 1620 nuda
863 1576 987 1639 corpora
998 1559 1035 1620 ad
1046 1558 1203 1619 missilium

215 1651 230 1697 7
243 1640 370 1701 telorum
383 1643 459 1701 ictus
471 1640 656 1719 praebentes.
679 1659 713 1701 ea
725 1659 813 1721 aegre
828 1643 942 1719 patiens
956 1642 1115 1712 Gracchus,
1135 1659 1203 1701 cum

243 1739 339 1802 neque
361 1740 491 1801 pugnam
516 1740 675 1785 conserere
695 1723 844 1786 dictatoris
870 1727 981 1786 iniussu
1009 1725 1134 1786 auderet
1163 1757 1204 1769 -

215 1804 549 1968 uitulini?
566 1807 1204 1969 inliditurinliditur

244 1972 323 2051 agris
330 1972 409 2033 circa
420 1969 701 2053 undique'convecto
708 1992 776 2035 cum
788 1911 930 2055 eonplldra
942 1975 1018 2036 dolia
1025 1939 1202 2055 complesset,

243 2056 379 2118 nuntium
400 2055 437 2116 ad
458 2058 660 2134 magistratum
681 2056 840 2119 Casllinum
860 2060 954 2129 misit,
976 2068 1010 2119 ut
1030 2059 1200 2137 excipereui

215 2138 328 2211 odolla,
344 2157 419 2219 quae
430 2141 525 2201 amnis
535 2139 674 2202 deterret.
696 2143 862 2220 insequenti
873 2149 960 2202 nocte
973 2143 1095 2202 intentis
1106 2142 1202 2201 omui·
1273 2155 1274 2162 ¹

243 2221 298 2284 bus
313 2225 344 2283 11
364 2221 475 2283 llumen
495 2241 529 2284 ac
549 2241 632 2302 spem
656 2224 693 2284 ab
720 2226 823 2285 111111
843 2225 974 2286 Romano
997 2224 1104 2287 iactam
1125 2224 1203 2285 dolia
1273 2225 1274 2228 ’

243 2306 341 2367 medio
357 2307 445 2366 missa
460 2308 539 2367 11111
555 2307 756 2377 deduxerunt,
772 2306 990 2389 aequaliterque
1006 2310 1085 2369 inter
1098 2326 1203 2370 omnes

203 2390 426 2449 intrumentum
453 2388 586 2451 divisum.
632 2389 663 2450 id
691 2399 809 2469 postero
835 2410 952 2471 quoque
982 2392 1029 2453 die
1054 2408 1089 2452 ac
1113 2393 1203 2452 tertio

181 2476 186 2486 '
244 2472 353 2532 iactum
369 2482 429 2533 est:
447 2481 533 2533 nocte
548 2483 578 2534 et
591 2474 782 2535 mittebantur
796 2483 826 2535 11
839 2474 1065 2553 perveniebant:
1088 2493 1124 2536 eo
1136 2493 1202 2536 cus·

204 2560 233 2611 11
246 2555 355 2614 stodias
368 2554 497 2616 bostium
508 2555 659 2627 fallebant.
690 2555 835 2619 imbribus
849 2558 956 2619 deinde
967 2560 1114 2620 continuis
1129 2561 1200 2619 cita·

244 2636 301 2696 tior
318 2635 403 2696 solito
418 2640 512 2698 amuis
528 2648 695 2700 transverso
711 2642 819 2701 vertice
834 2641 910 2702 dolia
921 2641 1028 2723 inpulit
1044 2643 1080 2703 ad
1095 2644 1200 2720 ripam,

244 2735 331 2797 quam
345 2717 446 2778 hostes
462 2718 628 2781 servabant.
665 2722 707 2782 ibi
726 2722 878 2786 haerentia
901 2726 980 2786 inter
1003 2725 1110 2786 obnata
1128 2727 1201 2805 ripis

243 2800 345 2862 salicta
370 2802 603 2881 conspiciuntur,
634 2806 858 2887 nuntiatumque
887 2808 1044 2870 Hannibali
1078 2817 1136 2878 est,
1172 2818 1201 2869 et
1273 2873 1274 2878 ,

244 2883 350 2947 deinde
365 2886 521 2949 intentiore
542 2889 674 2951 custodia
694 2899 828 2961 cautum,
851 2908 889 2952 ne
915 2893 985 2971 quid
1001 2890 1117 2952 falleret
1133 2891 1199 2952 Vol·
1273 2941 1274 2950 ,

203 2976 333 3031 11111111
348 2969 383 3030 ad
399 2969 503 3031 urbem
518 2973 650 3034 missum.
684 2992 775 3035 nuces
795 2983 893 3035 tamen
908 2975 989 3036 lusae
1010 2974 1046 3035 ab
1060 2976 1200 3036 Romanis

173 3129 177 3136 ²
243 3054 347 3114 castris
363 3071 430 3114 cum
444 3054 541 3115 medio
556 3058 635 3116 amni
653 3057 689 3118 ad
700 3057 859 3119 Casilinum
874 3057 1054 3129 defluerent,
1069 3057 1199 3119 cratibus

203 3143 234 3195 11
245 3135 475 3216 excipiebantur.
509 3148 659 3217 postremo
683 3141 772 3202 adid
795 3149 913 3202 ventum
937 3143 1054 3222 inopiae
1079 3152 1140 3213 est,
1168 3153 1198 3202 ut

242 3219 304 3280 lora
316 3220 520 3301 detractasque
529 3225 624 3283 >scutis
634 3222 736 3303 pelles,
753 3224 803 3284 ubi
816 3225 927 3297 iervida
939 3224 1105 3286 mollissent
1115 3244 1196 3306 aqua,

241 3303 381 3364 mandere
397 3313 575 3367 conarentur
596 3325 652 3387 111
674 3306 808 3368 muribus
823 3306 916 3369 aliove
937 3307 1056 3370 animali
1073 3308 1198 3371 abstine·

241 3394 352 3446 reniet
371 3404 458 3448 omne
478 3387 637 3450 herbarum
648 3391 842 3471 'radicumque
862 3410 956 3471 genus
976 3392 1136 3472 aggeribus
1155 3394 1197 3454 in·

202 3466 318 3526 ttilmls
332 3471 411 3528 muri
431 3481 578 3533 eruerent.
609 3485 720 3537 etcum
746 3476 845 3539 hostes
865 3475 1038 3537 obarassent
1060 3476 1196 3557 quidquid
