2575 4067
264 309 266 316 .
289 265 352 329 164
482 278 575 320 nmen
589 279 619 319 x.
635 276 704 320 uer.
721 264 764 318 lt.
783 265 824 317 17.
839 254 880 338 [a.
894 278 924 320 u.
939 276 966 319 e.
982 252 1044 337 458]

260 432 277 487 t
287 432 436 507 postremo
457 424 568 504 expulit
588 424 706 488 tinibru.
739 424 886 487 Etruriam
912 421 990 504 pulsi
1010 423 1166 504 petierunt,
1186 430 1220 492 et.

287 508 366 591 quod
385 507 577 589 legationibus
604 510 780 590 nequiquam
804 525 891 586 saepe
910 513 1135 588 temptaverant,
1154 502 1183 566 id
1194 521 1222 566 se

287 600 369 655 tanto
383 593 500 673 agmina
514 599 693 654 armatorum
712 593 811 654 mixtis
829 598 945 653 terrore
962 590 1100 670 precibus
1118 595 1222 653 aetenae

287 677 510 748 effieaoirurati,
524 675 915 756 poetriaverrmtprineipnm
925 673 1062 736 Etruniae
1068 672 1221 735 concilium.

259 768 345 842 aquo
367 767 480 832 manto,
501 777 556 839 per
574 767 647 840 quot
665 777 758 821 annos
776 777 832 840 pro
848 756 987 820 libertate
1008 758 1145 820 dimicent
1163 772 1221 817 oum

285 844 439 916 Romanis,
456 850 620 924 exponunt:
637 844 736 905 omnia
746 849 882 923 expertos
892 859 972 913 esse,
986 843 1019 903 si.
1026 843 1145 903 suismet
1153 841 1221 919 ipso·
1236 861 1240 868 ·

256 925 467 990 trumriribus
476 924 604 988 tolerare
613 933 725 989 tanum
734 923 923 988 molembeili
932 933 1068 1005 possent;
1080 923 1225 1003 temptasse
1238 919 1245 936 “

287 1012 375 1074 etiarn
389 1009 468 1072 baud
489 1010 589 1088 magni
606 1010 749 1072 momenti
765 1010 955 1072 finitimarum
971 1010 1103 1089 gentium
1118 1004 1220 1069 auxilla.

286 1096 396 1176 petisse
415 1111 519 1174 parem
541 1111 559 1154 a
579 1091 689 1173 populo
710 1092 857 1165 Romano,
885 1110 953 1155 eum
978 1091 1090 1155 bellum
1108 1088 1221 1152 tolerare

165 1221 170 1230 ·
286 1196 348 1240 non
367 1185 502 1258 possent;
527 1174 703 1249 rebellasse,
726 1174 805 1256 quod
831 1193 889 1256 pax
909 1175 1103 1239 servientibus
1120 1173 1221 1253 gravior

286 1428 356 1490 viris
369 1429 494 1508 pecunia
511 1445 591 1497 esse3
604 1425 716 1489 hahere
732 1425 846 1489 aooolas
860 1425 972 1497 Gallos,
990 1428 1068 1488 inter
1082 1425 1183 1487 iorrum
1195 1426 1219 1481 ei

286 1529 368 1574 arma
389 1518 488 1580 natos,
516 1509 630 1571 ieroces
650 1527 719 1572 oum
740 1516 844 1589 suopte
873 1509 993 1588 ingenio
1015 1517 1078 1573 tum
1099 1507 1219 1571 adversm

285 1594 442 1662 Romanos,
457 1591 606 1673 populum,
618 1610 706 1672 quem
712 1601 829 1673 captum
840 1610 895 1655 ase
902 1610 1034 1675 auroque
1045 1592 1217 1670 rodenpun

256 1674 364 1737 ahaud
374 1692 448 1737 vana
460 1676 611 1746 hammes,
625 1684 800 1738 memorent.
825 1675 897 1738 nihil
912 1676 1026 1751 abesse,
1041 1677 1113 1739 sisit
1122 1674 1217 1749 minut

286 1757 432 1829 Etruscis,
462 1759 512 1839 qui
531 1758 694 1821 Porsinnae
719 1758 866 1840 quondam
891 1761 1108 1843 maioribusque
1132 1768 1216 1818 eorum

287 1841 390 1911 fuerit,
417 1841 488 1921 quin
503 1841 652 1904 Romanos
671 1844 752 1903 omni
765 1861 836 1923 agro
856 1845 899 1906 eia
919 1843 1052 1906 Tiberim
1072 1841 1163 1925 prdsoe
1181 1834 1215 1896 di·

287 1926 397 1986 micare
416 1943 473 2006 pro
493 1924 585 1988 sdute
605 1944 672 1997 sua,
693 1943 754 1988 non
773 1926 811 1988 de
830 1924 1015 1990 intolerando
1029 1926 1125 1991 ltaliae
1140 1934 1215 1999 regn⁰

259 2016 404 2087 erogant
440 2010 600 2073 Samnitem
619 2008 677 2071 iliis
700 2011 861 2072 exereitum
886 2020 1036 2091 paratum,
1052 2012 1214 2072 ‚immotum

287 2094 392 2165 armis,
411 2093 557 2174 stipendio
578 2095 708 2164 venisse3
729 2093 884 2156 confestim
904 2103 1071 2166 secuturos,
1093 2090 1135 2154 vei
1152 2081 1214 2150 eiad

261 2175 1152 2340 .¹⁹”ivi?mii:i0iiiiiii”iiiiii¹i⁰iiinp

286 2346 348 2407 ium
368 2345 448 2408 domi
469 2344 633 2408 Romanum
655 2344 780 2407 urebat·
813 2363 882 2407 nam
902 2345 935 2406 P.
956 2345 1077 2418 Decius,
1097 2342 1143 2405 ubi
1160 2350 1212 2398 σου·

286 2430 364 2509 perit
383 2446 439 2509 per
465 2428 665 2508 exploratores
683 2428 849 2509 proiectum
875 2428 1050 2492 Samnitium
1069 2423 1211 2491 exodium

259 2520 276 2569 2
289 2512 428 2573 advocato
440 2511 560 2572 oonsilio
577 2511 674 2593 „quid
687 2530 742 2593 per
753 2528 840 2590 agros
846 2520 866 2546 ‘⁴
879 2513 975 2593 inquit
989 2559 1007 2585 ‚,
1014 2525 1145 2593 vagamur
1153 2503 1213 2563 viti·

288 2594 342 2654 tim
358 2594 600 2657 circumferentes
619 2593 748 2657 bellum?
768 2598 839 2677 quin
852 2594 942 2659 urbes
957 2604 988 2658 et
1002 2597 1115 2659 moenia
1129 2586 1213 2664 adire·

288 2674 403 2735 dImuri
439 2675 535 2737 nulius
553 2678 613 2739 iarn
632 2679 777 2740 exercitus
799 2680 917 2743 Samnio
936 2680 1101 2761 praesidet:
1120 2679 1213 2737 cessem

261 2755 395 2821 adnibns
409 2776 445 2820 ao
454 2757 572 2821 sibimet
586 2761 643 2842 ipsi
657 2759 775 2823 exilium
789 2765 986 2827 eonseirere.⁴⁴
1011 2750 1213 2845 adpronmtiu

289 2844 404 2906 eunetis
421 2840 459 2905 ad
472 2841 667 2924 Murgantiam
684 2843 808 2909 validam
824 2845 930 2910 urbem
945 2843 1160 2931 oppugnandam
1171 2831 1211 2895 du·
1263 2905 1264 2918 i

291 2928 346 2997 oit3
361 2934 518 3008 tantamque
537 2929 625 2992 ardor
645 2927 769 2992 militum
788 2929 892 2993 fuitei
911 2932 1032 2994 caritate
1046 2929 1124 2994 ducis
1137 2928 1213 2995 etspt

290 3012 411 3075 maioris
429 3030 518 3093 quam
538 3030 574 3075 ex
594 3011 759 3093 agrestibus
783 3013 1020 3095 populationibus
1038 3009 1167 3097 praedae,
1188 2999 1214 3057 ‘¹‘

260 3104 347 3158 iuno
369 3095 417 3159 die
436 3097 568 3178 datque
587 3098 678 3158 armis
705 3095 810 3160 urbem
830 3107 979 3180 caperent
1021 3097 1063 3161 ibi
1080 3096 1133 3158 duo
1148 3079 1214 3150 mil&

288 3180 464 3243 Samnitium
479 3186 510 3242 et
524 3187 642 3243 eentum
653 3190 818 3262 pugnanter
832 3183 1023 3246 eireumventi
1038 3178 1177 3260 oapdqut.
1189 3166 1214 3222 ⁰⁸
1262 3221 1263 3230 κ

288 3262 345 3326 alia
358 3263 469 3344 praeda
482 3265 586 3345 ingens
602 3271 687 3346 eapta
704 3271 758 3327 est
794 3284 870 3348 qnae
892 3284 931 3329 ne
946 3259 1147 3348 inpedimentis
1159 3264 1212 3328 isi·

286 3346 372 3408 vibus
396 3365 501 3427 agmen
524 3355 679 3421 oneraret,
703 3351 861 3412 eonvoeui
884 3348 991 3413 milites
1016 3348 1117 3411 Deelus
1139 3333 1212 3400 lubet

261 3427 447 3497 d„iraoine“
470 3433 565 3513 inquit
583 3432 731 3505 „oratoru
751 3431 813 3495 sola
834 3440 884 3496 ant
903 3433 960 3497 irae
978 3430 1087 3515 praeda
1105 3408 1214 3488 conanti

291 3511 361 3573 estis
379 3511 486 3573 iuturii
521 3514 606 3577 mitis
628 3533 680 3577 ros
693 3533 748 3598 pro
770 3517 876 3581 virtute
895 3535 962 3600 spes
979 3532 1096 3599 gerere:
1130 3509 1213 3568 amnti
