2575 4067
238 281 281 343 80*
412 294 507 334 11999
521 292 592 335 vm,
608 292 678 336 911,
694 278 737 332 29.
753 280 795 333 39.
813 271 853 351 [a.
868 294 898 332 u.
915 294 942 332 9.
954 269 1018 352 429]

236 450 324 523 91999
345 439 459 502 urendo
477 446 555 500 19919
576 439 705 500 hostium
728 449 847 517 sataque
862 440 894 498 in
912 439 1006 498 aciem
1023 438 1128 498 inritos
1150 457 1200 499 ea·
1280 445 1281 526 q

196 536 226 585 12
238 527 342 595 traxit,
359 531 388 585 et
404 525 444 585 ita
458 521 1032 602 9199119999999191119111991991191,
1048 522 1200 600 haudqua-
1280 547 1281 592 3

236 627 324 690 99991
340 614 443 670 199199
457 608 614 668 incruento
628 607 721 668 milite
740 625 807 676 suo,
822 616 855 667 ut
871 607 977 667 nonin
993 605 1200 667 991119191919
1281 631 1282 666 1

235 693 408 771 refugerent
426 692 541 762 hostes,
557 689 610 752 sed
624 692 683 751 iam
699 708 737 750 ne
752 690 827 752 vallo
840 689 960 769 quidem
978 690 1112 751 99191111
1129 690 1200 750 11911

236 775 438 838 dilaberentur
448 776 480 835 in
492 774 612 855 oppida,
628 776 687 836 situ
699 774 815 836 urbium
827 772 1040 853 moenibusque
1051 792 1084 833 se
1097 772 1200 833 deien-

195 868 226 920 la
237 862 306 922 suri.
325 869 476 941 posuemo
488 858 595 938 oppida
606 876 724 939 quoque
735 861 763 918 vi
774 875 945 938 expugnare
956 858 1090 928 adortus,
1102 859 1200 936 primo

239 940 1006 1021 119119919199991191919199111119919191991919
1031 943 1089 1010 ira,
1120 940 1200 1019 quod
1281 937 1282 952 ¹

236 1028 316 1089 haud
332 1028 396 1089 lere
411 1028 697 1107 quisquaminteger
710 1025 825 1106 proelio
842 1032 1021 1096 excesserat,
1047 1022 1134 1085 scalis
1151 1042 1200 1084 ce·

195 1121 228 1171 14
239 1113 298 1193 pit,
314 1111 420 1172 deiude
435 1110 599 1190 Cingiliam.
626 1112 779 1190 utriusque
792 1109 876 1170 911111
893 1110 1034 1190 praedam
1045 1106 1199 1177 militibus,
1282 1153 1283 1184 ,

236 1196 315 1277 quod
330 1214 380 1257 eos
396 1214 491 1276 neque
506 1202 610 1275 portae
626 1212 682 1254 nec
700 1194 778 1254 rnuri
793 1194 922 1255 hostium
936 1199 1108 1261 arcuerant,
1127 1209 1200 1252 con·
1282 1227 1283 1232 κ

237 1282 334 1341 991111.

210 1373 222 1421 1
298 1364 385 1426 XXX.
413 1364 447 1424 In
463 1364 614 1424 Samnium
637 1362 759 1422 incertis
778 1362 850 1422 itum
872 1361 1010 1440 auspiciis
1032 1367 1092 1428 est;
1116 1362 1201 1421 cuius
1283 1431 1284 1434 Ἴ

236 1451 281 1510 191
301 1450 402 1508 vitium
424 1465 484 1507 non
505 1444 628 1507 inbelli
651 1455 800 1515 eventurn,
823 1444 902 1524 quod
923 1462 1066 1524 prospere
1084 1452 1201 1523 gestum

208 1542 300 1601 9911,
325 1531 377 1592 1911
392 1532 424 1589 19
438 1529 551 1590 rabiem
568 1539 655 1609 atque
676 1532 735 1590 iras
760 1531 973 1608 imperatorum
988 1529 1084 1590 vertit.
1116 1545 1201 1588 uam·

237 1634 294 1694 que
305 1615 439 1693 Papirius
455 1613 580 1674 dictator
591 1632 608 1674 a
621 1613 747 1693 pullario
762 1613 892 1673 monitus
907 1630 974 1673 cum
987 1611 1024 1673 ad
1035 1612 1201 1692 auspicium

236 1696 430 1776 repetendum
443 1696 567 1757 Romam
579 1699 832 1777 proficisceretur,
851 1696 990 1775 magistro
1005 1697 1136 1775 99911919
1149 1695 1201 1757 de·

237 1780 394 1850 nuntiavit,
408 1790 442 1841 91
455 1797 521 1840 1919
535 1779 600 1839 loco
616 1788 746 1851 teneret,
767 1799 826 1842 neu
840 1778 1008 1841 9111991919
1023 1798 1091 1841 cum
1112 1781 1201 1841 hoste

211 1874 360 1925 39199991
373 1876 552 1925 consereret.
579 1862 613 1934 Ο.
628 1864 737 1926 Fabius
750 1883 816 1925 9991
832 1874 899 1944 post
912 1863 1126 1945 profectionem
1138 1864 1201 1924 dic·

238 1950 339 2010 tatoris
352 1966 407 2028 per
422 1946 623 2027 exploratores
637 1951 834 2027 conperisset,
849 1949 975 2027 perinde
990 1950 1090 2008 omnia
1104 1947 1200 2011 soluta

238 2032 314 2113 apud
337 2032 437 2094 hostes
452 2050 531 2103 esse,
554 2049 587 2092 99
609 2033 634 2091 11
652 2051 740 2092 nemo
756 2033 906 2094 Romanus
926 2033 956 2092 iu
976 2032 1096 2094 Samnio
1112 2039 1200 2103 esset,

209 2126 289 2178 1199
306 2116 388 2177 19191
407 2115 580 2178 adulescens
594 2116 769 2194 indignitate
784 2134 939 2185 accensus,
962 2115 1041 2196 quod
1056 2117 1155 2177 991919
1170 2118 1201 2176 19

237 2200 379 2263 dictatore
394 2201 565 2263 riderentur
578 2202 706 2281 reposita
721 2217 800 2271 esse,
815 2218 868 2261 seu
880 2202 1036 2262 occasione
1055 2199 1133 2261 bene
1148 2217 1200 2278 ge·

237 2284 347 2347 rendae
364 2287 409 2345 191
423 2285 577 2354 inductus,
600 2285 732 2345 exercitu
746 2285 890 2346 instructo
905 2292 1067 2364 paratoque
1081 2283 1200 2365 prolec-

236 2377 283 2430 tus
298 2369 335 2430 ad
355 2368 520 2429 Inbrinium
538 2370 634 2430 -ita
654 2367 874 2429 199991199991
889 2402 930 2412 -
946 2370 1010 2430 9919
1030 2386 1097 2429 9991
1114 2368 1198 2429 Sam·

210 2452 348 2513 coitibus
360 2452 499 2512 conilixit.
532 2470 567 2512 ea
582 2452 701 2512 fortuna
711 2469 827 2531 pugnae
840 2452 910 2521 luit,
926 2462 960 2513 ut
973 2451 1048 2513 nihil
1060 2450 1200 2512 relictum

236 2537 287 2604 111,
310 2554 382 2615 999,
405 2537 430 2594 11
450 2534 592 2596 adfuisset
611 2534 752 2606 dictator,
774 2555 823 2597 res
843 2535 950 2597 melius
969 2538 1033 2614 geri
1057 2538 1197 2616 potuerit

208 2624 297 2677 9999
313 2617 373 2678 dux
388 2617 487 2687 militi,
509 2636 569 2678 non
584 2618 670 2679 miles
690 2618 758 2680 duci
778 2620 879 2682 deluit.
912 2638 1003 2700 eques
1021 2622 1108 2681 etiam
1130 2637 1198 2680 auc·

236 2710 301 2762 1919
317 2700 350 2761 L.
367 2700 500 2762 Cominio
523 2699 642 2762 tribuno
658 2702 797 2774 militum,
819 2705 871 2784 qui
891 2703 1065 2784 aliquotiens
1085 2704 1199 2784 impetu

237 2792 322 2863 capto
342 2801 538 2864 perrumpere
558 2804 618 2846 non
640 2797 758 2866 poterat
776 2789 904 2849 hostium
925 2805 1046 2866 agmen,
1072 2787 1200 2848 detraxit

237 2870 338 2929 119991
351 2868 435 2947 99911
458 2877 545 2949 91999
566 2871 606 2930 119
627 2872 788 2933 concitatos
810 2871 974 2932 calcaribus
993 2871 1144 2951 permisit,
1166 2880 1199 2930 ut

235 2953 382 3015 sustinere
403 2970 453 3013 991
470 2953 551 3016 nulla
566 2955 609 3015 vis
629 2962 744 3035 posset:
768 2974 823 3034 per
844 2974 940 3026 arma,
962 2974 1016 3035 per
1041 2957 1119 3015 viros
1140 2952 1199 3014 late

210 3046 224 3093 1
237 3047 366 3117 stragem
381 3037 498 3099 dedere.
528 3045 645 3099 1999191
661 3037 752 3116 pedes
766 3040 909 3118 impetum
925 3041 1056 3119 equitum
1072 3036 1197 3099 turbatis

236 3122 368 3182 hostibus
383 3120 482 3182 intulit
504 3122 597 3200 signa.
626 3122 729 3198 viginti
749 3121 828 3184 911119
849 3124 977 3185 hostium
992 3140 1077 3184 caesa
1097 3140 1133 3182 eo
1148 3121 1197 3181 dia

236 3205 402 3267 traduntur.
442 3213 578 3266 auctores
597 3204 693 3266 babeo
714 3204 760 3267 bis
779 3225 846 3268 cum
868 3209 952 3269 hoste
975 3209 1059 3285 signa
1081 3204 1198 3266 conlata

236 3288 379 3350 dictatore
393 3285 530 3361 absente,
548 3288 594 3351 bis
607 3307 672 3350 1919
690 3293 809 3370 egregie
824 3300 950 3370 gestam;
966 3290 1043 3370 apud
1055 3288 1197 3369 antiquis·

236 3374 325 3434 simos
341 3375 501 3453 scriptores
516 3392 575 3435 una
590 3373 664 3435 haec
681 3393 780 3454 pugna
792 3375 954 3443 invenitur:
975 3376 1007 3434 in
1021 3372 1197 3454 quibusdam

207 3455 529 3519 9999911911919191
543 3459 751 3537 praetermissa
765 3468 818 3521 est.
846 3461 986 3539 magister
1001 3459 1147 3538 equitum,
1165 3464 1197 3516 ut

235 3554 275 3601 ex
288 3545 367 3600 19919
383 3539 487 3611 caede,
504 3541 604 3603 multis
617 3544 728 3622 potitus
739 3542 840 3625 spoliis
851 3551 990 3624 congesta
1000 3544 1033 3602 19
1043 3543 1196 3621 ingentem
