2575 4067
275 250 369 293 creas
382 251 459 293 xxrr.
475 252 543 295 aar.
555 241 599 295 30.
614 241 658 297 31.
674 234 715 315 [a.
731 236 766 299 0.
779 235 842 317 217]
977 240 1040 308 289

78 399 239 467 servatori,
259 399 298 459 eit
313 395 396 468 ielix,
411 398 467 459 sub
482 399 638 478 imperinm
656 402 875 482 auspiciumque
890 411 973 465 tuum
990 421 1038 466 re·

77 482 139 543 deo
154 489 184 542 et
198 482 281 559 signa
300 481 373 541 haec
386 479 577 562 legionesque
595 485 728 546 restituo.
769 492 816 554 tu,
837 503 961 564 quaeso,
977 484 1066 567 pia-e

78 572 164 626 catus
174 582 222 626 me
236 565 439 643 magisterium
454 567 600 646 equitum,
616 566 671 627 hos
681 566 800 628 ordines
814 585 883 630 snos
894 586 1040 649 quemque

77 656 185 709 tenere
195 647 328 709 iubeas.“
358 655 421 708 tum
437 647 556 710 dextrae
578 650 775 711 interiunctae
789 650 955 733 militesque
970 658 1069 713 con-tt

77 733 161 793 tione
172 730 292 794 dimissa
307 729 343 791 ab
355 733 432 791 notis
443 732 608 813 ignotisque
620 733 749 813 benigne
758 742 846 814 atque
856 732 1040 814 hospitaliter

77 815 209 885 invitati,
232 814 384 894 laetusque
410 815 473 876 dies
496 835 533 879 ex
548 816 705 879 admodum
722 818 798 879 tristi
815 816 903 898 paulo
922 825 989 879 ante
1005 836 1040 879 ac

77 915 175 979 prope
197 896 356 960 execrabili
372 897 475 960 iactus.
504 900 629 971 Romae,
649 910 683 963 ut
704 910 748 964 est
768 900 879 980 perlata
900 902 976 962 lama
996 902 1067 962 reli

78 988 194 1061 gestae,
210 981 281 1042 dein
291 980 397 1043 litteris
408 1000 468 1042 non
477 985 571 1062 magis
584 984 717 1063 ipsorum
728 987 940 1064 imperatorum
952 1002 1040 1064 mam

76 1064 165 1144 volgo
181 1064 308 1126 militum
324 1083 360 1126 ex
375 1072 500 1147 utroque
515 1067 647 1128 exercitu
662 1068 827 1139 adfirmata,
843 1086 899 1149 pro
914 1086 946 1129 se
961 1068 1040 1148 qnis-

76 1166 138 1229 que
150 1148 310 1210 Maximum
321 1148 457 1210 laudibus
473 1149 510 1211 ad
530 1149 644 1211 caelum
663 1151 752 1213 serre.
787 1170 842 1233 par
856 1151 950 1231 gloria
964 1148 1070 1230 apude

77 1231 274 1294 Hannibalem
296 1231 448 1312 hostisque
467 1234 583 1295 Poenos
605 1242 685 1303 erata
701 1251 735 1296 ae
757 1242 821 1297 tum
840 1234 958 1297 demum
972 1251 1040 1296 sen·

78 1317 138 1376 tire
148 1332 215 1376 cum
230 1316 370 1378 Romanis
381 1324 468 1397 atque
482 1318 514 1378 in
525 1315 606 1378 ltalia
620 1316 731 1379 bellum
746 1335 824 1389 esse3
841 1336 910 1380 nam
920 1317 1069 1379 biennioi

78 1406 149 1460 ante
164 1398 237 1461 adeo
252 1409 281 1461 et
296 1399 386 1461 duces
400 1399 548 1461 Romanos
562 1407 592 1460 et
613 1398 722 1462 milites
737 1409 924 1481 spreverant,
944 1401 1040 1463 utrix

77 1501 148 1544 cum
163 1482 266 1544 cadem
280 1491 368 1561 gente
382 1482 493 1545 bellum
507 1500 572 1545 esse
586 1482 759 1555 crederent,
776 1487 860 1547 cuius
876 1482 1040 1546 terribilem

78 1585 145 1629 eam
162 1566 306 1628 iamama
328 1565 462 1647 patribus
483 1567 674 1646 accepissent.
705 1566 900 1630 Hannibalem
920 1584 1037 1649 quoque
1049 1572 1082 1626 tc

78 1669 116 1711 ex
139 1652 203 1712 acie
223 1650 398 1712 redeuntem
426 1650 533 1712 dixisse
555 1651 669 1722 ierunt,
694 1652 812 1714 tandem
833 1669 898 1713 eam
919 1649 1039 1721 nubem,

78 1750 156 1814 quae
169 1734 274 1796 sedere
288 1736 320 1795 ln
335 1735 410 1812 iugis
425 1736 569 1795 montium
586 1734 671 1796 solita
689 1736 740 1806 sit,
759 1754 827 1797 cum
840 1733 971 1816 procella
984 1734 1039 1795 im·

77 1816 164 1879 brem
180 1816 305 1880 dedisse.

141 1900 243 1963 XXXI.
273 1902 350 1963 lium
360 1901 434 1963 baec
448 1909 593 1979 geruntur
603 1903 635 1961 in
650 1900 747 1972 ltalia,
761 1902 814 1964 Gn.
832 1901 972 1963 Servilius
983 1901 1040 1963 Ge·
1053 1906 1066 1957 1

80 1986 180 2047 minus
190 1983 293 2047 consul
301 2003 368 2046 cum
376 1983 820 2059 classecentumvipintinavium
828 1986 1040 2048 circumvectus

81 2068 235 2130 Sardiniae
250 2076 280 2130 et
292 2069 429 2130 Corsicae
444 2086 528 2129 oram
543 2075 573 2128 ct
583 2066 735 2129 obsidibus
749 2068 898 2146 utrimque
910 2068 1038 2144 acceptis

79 2154 111 2213 ln
126 2151 256 2212 siricam
269 2153 431 2213 transmisit
441 2160 483 2222 et,
498 2152 669 2232 priusquam
681 2151 923 2210 incontinentem
939 2157 1068 2209 escen-2

78 2237 194 2295 sionem
217 2235 343 2307 iaceret,
365 2234 481 2313 lidenige
500 2233 596 2295 insula
615 2240 724 2295 vastata
746 2241 775 2293 et
790 2231 826 2292 ab
843 2228 1041 2292 incolentibus

80 2314 249 2388 Cercinam,
273 2335 311 2378 ne
334 2328 365 2377 et
385 2319 517 2396 ipsorum
538 2325 676 2379 ureretur
697 2315 935 2396 diripereturque
959 2330 1039 2393 ager,

80 2399 184 2462 decem
201 2399 318 2461 talentis
339 2403 453 2479 argenti
474 2402 602 2481 acceptis
623 2399 660 2461 ad
680 2398 767 2461 litora
785 2398 902 2459 diricae
918 2398 1042 2459 accessit

79 2483 584 2650 idetiittid‘sditd
594 2480 1064 2629 diiiiididiii'idiii'

81 2659 179 2713 torum
194 2652 349 2731 egentibus
362 2652 588 2732 praedarentur.
622 2655 722 2732 itaque
742 2653 774 2712 in
790 2650 911 2712 insidlas
927 2657 1065 2712 temeret

79 2734 162 2795 inlati
177 2753 244 2796 cum
264 2736 504 2817 aireqnentibus
527 2735 659 2816 palantes
680 2743 710 2796 et
729 2736 825 2814 ignari
846 2732 883 2796 ab
905 2733 1038 2794 locorum

81 2818 180 2895 gnaris
194 2820 491 2888 circumvenirentur,
514 2837 580 2879 cum
600 2818 693 2879 multa
714 2818 803 2879 caede
820 2835 854 2877 ac
868 2815 955 2877 ioeda
972 2814 1039 2892 iuga

82 2909 162 2961 retro
179 2899 215 2959 ad
231 2918 320 2962 nares
336 2901 470 2981 conpulsi
484 2909 562 2962 sunt.
591 2901 628 2961 ad
642 2898 724 2960 mille
741 2900 909 2966 hominum,
925 2914 992 2958 cum
1006 2896 1068 2955 tiso

82 2982 257 3060 Sempronio
278 2982 383 3044 blaeso
405 2992 560 3063 quaestore
581 2985 704 3053 amisso,
729 2979 831 3043 classis
851 2979 888 3040 ab
905 2977 1041 3040 litoribus

82 3066 210 3128 bostium
229 3065 325 3144 plenis
347 3065 462 3146 trepide
480 3065 575 3127 soluta
594 3069 625 3126 in
647 3063 775 3126 Siciliam
799 3080 917 3124 cursum
937 3063 1039 3132 tenuit,

83 3149 248 3230 traditaque
261 3148 392 3228 lilybaei
405 3149 439 3209 Τ.
456 3148 579 3209 Otacilio
601 3150 747 3229 praetori,
769 3155 802 3209 ut
817 3145 853 3208 ab
868 3146 964 3225 legato
980 3145 1069 3208 eiust

82 3233 114 3296 P.
129 3235 204 3295 Sura
223 3233 346 3295 Romam
362 3230 564 3294 reduceretur.
606 3234 669 3311 ipse
692 3249 746 3310 per
767 3229 897 3293 Siciliam
916 3226 1066 3310 pedibns'i

83 3316 231 3397 proiectus
245 3316 322 3377 ireto
336 3318 368 3377 in
385 3314 497 3377 ltaliam
515 3316 644 3387 traiecit,
658 3314 764 3376 litteris
779 3314 813 3385 Q.
831 3310 915 3374 Fabii
930 3312 1040 3374 accitus

84 3408 113 3460 et
131 3400 194 3479 ipse
215 3409 246 3462 et
265 3399 386 3479 conlega
405 3400 468 3462 eius
482 3400 519 3462 lii.
538 3397 656 3470 Atilius,
678 3406 711 3459 ut
725 3397 871 3459 exercitus
890 3395 927 3457 ab
943 3414 976 3457 se
989 3412 1039 3458 ex·

84 3492 146 3545 aeto
160 3486 218 3545 iam
234 3502 328 3563 prope
340 3485 475 3546 semestri
489 3484 613 3563 imperio
628 3483 806 3563 acciperent.

125 3600 149 3634 r.
167 3600 228 3634 xrvr
247 3600 316 3636 raes
335 3600 368 3636 ιι.
795 3570 836 3632 19
