<?xml version="1.0" encoding="UTF-8"?>
<!DOCTYPE html PUBLIC "-//W3C//DTD XHTML 1.0 Transitional//EN"
    "http://www.w3.org/TR/xhtml1/DTD/xhtml1-transitional.dtd">
<html xmlns="http://www.w3.org/1999/xhtml" xml:lang="en" lang="en">
 <head>
  <title>
</title>
<meta http-equiv="Content-Type" content="text/html;charset=utf-8" />
  <meta name='ocr-system' content='tesseract 3.04.00' />
  <meta name='ocr-capabilities' content='ocr_page ocr_carea ocr_par ocr_line ocrx_word'/>
</head>
<body>
  <div class='ocr_page' id='page_1' title='image "./aburbeconditali12livygoog_0148.png"; bbox 0 0 2575 4067; ppageno 0'>
   <div class='ocr_carea' id='block_1_1' title="bbox 252 237 1020 319">
    <p class='ocr_par' dir='ltr' id='par_1_1' title="bbox 252 237 1020 319">
     <span class='ocr_line' id='line_1_1' title="bbox 252 237 1020 319; baseline -0.018 -10"><span class='ocrx_word' id='word_1_1' title='bbox 252 247 312 308; x_wconf 76' lang='lat' dir='ltr'>tta</span> <span class='ocrx_word' id='word_1_2' title='bbox 440 257 533 301; x_wconf 77' lang='lat' dir='ltr'>omna</span> <span class='ocrx_word' id='word_1_3' title='bbox 546 257 590 301; x_wconf 86' lang='lat' dir='ltr'>tx.</span> <span class='ocrx_word' id='word_1_4' title='bbox 608 258 677 301; x_wconf 71' lang='lat' dir='ltr'>oen.</span> <span class='ocrx_word' id='word_1_5' title='bbox 694 247 738 299; x_wconf 83' lang='lat'>4².</span> <span class='ocrx_word' id='word_1_6' title='bbox 753 243 797 298; x_wconf 78' lang='lat' dir='ltr'>td.</span> <span class='ocrx_word' id='word_1_7' title='bbox 815 237 854 319; x_wconf 80' lang='lat' dir='ltr'>[a.</span> <span class='ocrx_word' id='word_1_8' title='bbox 870 260 902 300; x_wconf 86' lang='lat' dir='ltr'>o.</span> <span class='ocrx_word' id='word_1_9' title='bbox 916 259 943 299; x_wconf 90' lang='lat' dir='ltr'>c.</span> <span class='ocrx_word' id='word_1_10' title='bbox 957 241 1020 316; x_wconf 79' lang='grc'><strong>448]</strong></span> 
     </span>
    </p>
   </div>
   <div class='ocr_carea' id='block_1_2' title="bbox 222 405 1210 906">
    <p class='ocr_par' dir='ltr' id='par_1_2' title="bbox 247 405 1210 652">
     <span class='ocr_line' id='line_1_2' title="bbox 248 405 1210 486; baseline -0.001 -17"><span class='ocrx_word' id='word_1_11' title='bbox 248 405 387 469; x_wconf 74' lang='lat' dir='ltr'>bentibus</span> <span class='ocrx_word' id='word_1_12' title='bbox 405 406 567 483; x_wconf 76' lang='lat' dir='ltr'>Anagninis</span> <span class='ocrx_word' id='word_1_13' title='bbox 594 405 626 466; x_wconf 90' lang='lat' dir='ltr'>io</span> <span class='ocrx_word' id='word_1_14' title='bbox 654 407 747 476; x_wconf 84' lang='lat' dir='ltr'>circo,</span> <span class='ocrx_word' id='word_1_15' title='bbox 777 424 864 486; x_wconf 93' lang='lat' dir='ltr'>quem</span> <span class='ocrx_word' id='word_1_16' title='bbox 888 406 1068 468; x_wconf 83' lang='lat' dir='ltr'>Maritimum</span> <span class='ocrx_word' id='word_1_17' title='bbox 1094 415 1210 477; x_wconf 82' lang='lat' dir='ltr'>vocant,</span> 
     </span>
     <span class='ocr_line' id='line_1_3' title="bbox 247 487 1210 570; baseline 0 -20"><span class='ocrx_word' id='word_1_18' title='bbox 247 499 366 570; x_wconf 88' lang='lat' dir='ltr'>praeter</span> <span class='ocrx_word' id='word_1_19' title='bbox 375 488 568 552; x_wconf 75' lang='lat' dir='ltr'>Aletrinatem</span> <span class='ocrx_word' id='word_1_20' title='bbox 582 489 859 570; x_wconf 80' lang='lat' dir='ltr'>Ferentinatemque</span> <span class='ocrx_word' id='word_1_21' title='bbox 875 497 904 551; x_wconf 92' lang='lat' dir='ltr'>et</span> <span class='ocrx_word' id='word_1_22' title='bbox 914 487 1094 550; x_wconf 77' lang='lat' dir='ltr'>Verulanum</span> <span class='ocrx_word' id='word_1_23' title='bbox 1106 507 1210 551; x_wconf 80' lang='lat' dir='ltr'>omnes</span> 
     </span>
     <span class='ocr_line' id='line_1_4' title="bbox 247 571 1096 652; baseline 0 -18"><span class='ocrx_word' id='word_1_24' title='bbox 247 573 367 635; x_wconf 85' lang='lat' dir='ltr'>Hernici</span> <span class='ocrx_word' id='word_1_25' title='bbox 382 574 510 636; x_wconf 90' lang='lat' dir='ltr'>nominis</span> <span class='ocrx_word' id='word_1_26' title='bbox 524 571 626 652; x_wconf 93' lang='lat' dir='ltr'>populi</span> <span class='ocrx_word' id='word_1_27' title='bbox 639 574 772 635; x_wconf 85' lang='lat' dir='ltr'>Romano</span> <span class='ocrx_word' id='word_1_28' title='bbox 786 572 899 635; x_wconf 88' lang='lat' dir='ltr'>beilum</span> <span class='ocrx_word' id='word_1_29' title='bbox 917 573 1096 635; x_wconf 79' lang='lat' dir='ltr'>indixerunt</span> 
     </span>
    </p>

    <p class='ocr_par' dir='ltr' id='par_1_3' title="bbox 222 655 1208 906">
     <span class='ocr_line' id='line_1_5' title="bbox 222 655 1207 737; baseline 0.002 -20"><span class='ocrx_word' id='word_1_30' title='bbox 222 664 234 717; x_wconf 87' lang='lat' dir='ltr'>t</span> <span class='ocrx_word' id='word_1_31' title='bbox 310 657 408 720; x_wconf 83' lang='lat' dir='ltr'><strong>XLIII.</strong></span> <span class='ocrx_word' id='word_1_32' title='bbox 440 656 475 718; x_wconf 93' lang='lat' dir='ltr'>ln</span> <span class='ocrx_word' id='word_1_33' title='bbox 492 657 612 718; x_wconf 84' lang='lat' dir='ltr'>Samnio</span> <span class='ocrx_word' id='word_1_34' title='bbox 632 675 765 737; x_wconf 87' lang='lat' dir='ltr'>quoque,</span> <span class='ocrx_word' id='word_1_35' title='bbox 789 658 857 736; x_wconf 86' lang='lat' dir='ltr'>quia</span> <span class='ocrx_word' id='word_1_36' title='bbox 879 655 1046 718; x_wconf 86' lang='lat' dir='ltr'>decesserat</span> <span class='ocrx_word' id='word_1_37' title='bbox 1064 655 1135 718; x_wconf 81' lang='lat' dir='ltr'>Inde</span> <span class='ocrx_word' id='word_1_38' title='bbox 1151 657 1207 719; x_wconf 79' lang='lat' dir='ltr'>Fa·</span> 
     </span>
     <span class='ocr_line' id='line_1_6' title="bbox 247 739 1208 821; baseline 0 -19"><span class='ocrx_word' id='word_1_39' title='bbox 247 742 327 812; x_wconf 85' lang='lat' dir='ltr'>blus,</span> <span class='ocrx_word' id='word_1_40' title='bbox 354 743 421 802; x_wconf 85' lang='lat' dir='ltr'>novi</span> <span class='ocrx_word' id='word_1_41' title='bbox 444 747 542 802; x_wconf 85' lang='lat' dir='ltr'>motus</span> <span class='ocrx_word' id='word_1_42' title='bbox 564 743 668 802; x_wconf 85' lang='lat' dir='ltr'>exorti.</span> <span class='ocrx_word' id='word_1_43' title='bbox 714 740 824 803; x_wconf 86' lang='lat' dir='ltr'>Calatia</span> <span class='ocrx_word' id='word_1_44' title='bbox 849 749 879 804; x_wconf 89' lang='lat' dir='ltr'>et</span> <span class='ocrx_word' id='word_1_45' title='bbox 901 741 976 802; x_wconf 90' lang='lat' dir='ltr'>Sora</span> <span class='ocrx_word' id='word_1_46' title='bbox 1002 739 1208 821; x_wconf 89' lang='lat' dir='ltr'>praesidiaque</span> 
     </span>
     <span class='ocr_line' id='line_1_7' title="bbox 247 824 1208 906; baseline -0.001 -19"><span class='ocrx_word' id='word_1_47' title='bbox 247 843 322 906; x_wconf 91' lang='lat' dir='ltr'>quae</span> <span class='ocrx_word' id='word_1_48' title='bbox 343 826 375 887; x_wconf 88' lang='lat' dir='ltr'>iu</span> <span class='ocrx_word' id='word_1_49' title='bbox 394 825 441 886; x_wconf 84' lang='lat' dir='ltr'>his</span> <span class='ocrx_word' id='word_1_50' title='bbox 457 825 589 886; x_wconf 87' lang='lat' dir='ltr'>Romana</span> <span class='ocrx_word' id='word_1_51' title='bbox 609 833 695 886; x_wconf 86' lang='lat' dir='ltr'>erant</span> <span class='ocrx_word' id='word_1_52' title='bbox 715 832 896 904; x_wconf 83' lang='lat' dir='ltr'>expugnata,</span> <span class='ocrx_word' id='word_1_53' title='bbox 919 830 950 885; x_wconf 92' lang='lat' dir='ltr'>et</span> <span class='ocrx_word' id='word_1_54' title='bbox 971 825 1004 886; x_wconf 91' lang='lat' dir='ltr'>iu</span> <span class='ocrx_word' id='word_1_55' title='bbox 1025 824 1208 904; x_wconf 80' lang='lat' dir='ltr'>captivorum</span> 
     </span>
    </p>
   </div>
   <div class='ocr_carea' id='block_1_3' title="bbox 124 906 1209 3331">
    <p class='ocr_par' dir='ltr' id='par_1_4' title="bbox 124 906 1209 3331">
     <span class='ocr_line' id='line_1_8' title="bbox 247 906 1207 991; baseline -0.001 -20"><span class='ocrx_word' id='word_1_56' title='bbox 247 926 373 991; x_wconf 87' lang='lat' dir='ltr'>corpora</span> <span class='ocrx_word' id='word_1_57' title='bbox 386 907 513 970; x_wconf 89' lang='lat' dir='ltr'>militum</span> <span class='ocrx_word' id='word_1_58' title='bbox 533 906 619 969; x_wconf 87' lang='lat' dir='ltr'>loede</span> <span class='ocrx_word' id='word_1_59' title='bbox 639 909 790 970; x_wconf 79' lang='lat' dir='ltr'>saevitum.</span> <span class='ocrx_word' id='word_1_60' title='bbox 825 910 925 989; x_wconf 86' lang='lat' dir='ltr'>itaque</span> <span class='ocrx_word' id='word_1_61' title='bbox 947 926 982 971; x_wconf 90' lang='lat' dir='ltr'>eo</span> <span class='ocrx_word' id='word_1_62' title='bbox 1002 907 1036 969; x_wconf 87' lang='lat' dir='ltr'>P.</span> <span class='ocrx_word' id='word_1_63' title='bbox 1051 907 1207 970; x_wconf 79' lang='lat' dir='ltr'>Cornelius</span> 
     </span>
     <span class='ocr_line' id='line_1_9' title="bbox 218 991 1207 1056; baseline 0.005 -6"><span class='ocrx_word' id='word_1_64' title='bbox 218 1002 313 1055; x_wconf 84' lang='lat' dir='ltr'>eoum</span> <span class='ocrx_word' id='word_1_65' title='bbox 334 994 466 1056; x_wconf 84' lang='lat' dir='ltr'>exercitu</span> <span class='ocrx_word' id='word_1_66' title='bbox 485 992 600 1052; x_wconf 83' lang='lat' dir='ltr'>missus.</span> <span class='ocrx_word' id='word_1_67' title='bbox 639 991 751 1053; x_wconf 83' lang='lat' dir='ltr'>iiaroio</span> <span class='ocrx_word' id='word_1_68' title='bbox 776 993 844 1053; x_wconf 80' lang='lat' dir='ltr'>novi</span> <span class='ocrx_word' id='word_1_69' title='bbox 864 992 965 1054; x_wconf 83' lang='lat' dir='ltr'>hostes</span> <span class='ocrx_word' id='word_1_70' title='bbox 986 1026 1026 1037; x_wconf 79' lang='lat'>-</span> <span class='ocrx_word' id='word_1_71' title='bbox 1045 992 1104 1052; x_wconf 71' lang='lat' dir='ltr'>mm</span> <span class='ocrx_word' id='word_1_72' title='bbox 1127 993 1207 1055; x_wconf 89' lang='lat' dir='ltr'>enim</span> 
     </span>
     <span class='ocr_line' id='line_1_10' title="bbox 247 1072 1209 1156; baseline -0.001 -17"><span class='ocrx_word' id='word_1_73' title='bbox 247 1076 407 1156; x_wconf 78' lang='lat' dir='ltr'>Anagninis</span> <span class='ocrx_word' id='word_1_74' title='bbox 421 1075 615 1154; x_wconf 80' lang='lat' dir='ltr'>Herodeisque</span> <span class='ocrx_word' id='word_1_75' title='bbox 626 1074 691 1136; x_wconf 82' lang='lat' dir='ltr'>alite</span> <span class='ocrx_word' id='word_1_76' title='bbox 703 1072 815 1137; x_wconf 90' lang='lat' dir='ltr'>bellum</span> <span class='ocrx_word' id='word_1_77' title='bbox 833 1076 946 1137; x_wconf 86' lang='lat' dir='ltr'>iussum</span> <span class='ocrx_word' id='word_1_78' title='bbox 969 1083 1033 1137; x_wconf 90' lang='lat' dir='ltr'>erat</span> <span class='ocrx_word' id='word_1_79' title='bbox 1046 1108 1088 1122; x_wconf 92' lang='lat'><strong>—</strong></span> <span class='ocrx_word' id='word_1_80' title='bbox 1102 1074 1209 1137; x_wconf 86' lang='lat' dir='ltr'>decer·</span> 
     </span>
     <span class='ocr_line' id='line_1_11' title="bbox 219 1158 1205 1240; baseline 0.001 -21"><span class='ocrx_word' id='word_1_81' title='bbox 219 1168 368 1223; x_wconf 77' lang='lat' dir='ltr'>suuntur.</span> <span class='ocrx_word' id='word_1_82' title='bbox 396 1161 494 1240; x_wconf 87' lang='lat' dir='ltr'>primo</span> <span class='ocrx_word' id='word_1_83' title='bbox 508 1158 549 1218; x_wconf 85' lang='lat' dir='ltr'>ita</span> <span class='ocrx_word' id='word_1_84' title='bbox 566 1159 663 1220; x_wconf 91' lang='lat' dir='ltr'>omnia</span> <span class='ocrx_word' id='word_1_85' title='bbox 672 1169 834 1237; x_wconf 84' lang='lat' dir='ltr'>opportuna</span> <span class='ocrx_word' id='word_1_86' title='bbox 844 1158 909 1221; x_wconf 90' lang='lat' dir='ltr'>loca</span> <span class='ocrx_word' id='word_1_87' title='bbox 924 1160 1025 1221; x_wconf 89' lang='lat' dir='ltr'>hostes</span> <span class='ocrx_word' id='word_1_88' title='bbox 1040 1161 1120 1220; x_wconf 90' lang='lat' dir='ltr'>inter</span> <span class='ocrx_word' id='word_1_89' title='bbox 1134 1177 1205 1220; x_wconf 91' lang='lat' dir='ltr'>con·</span> 
     </span>
     <span class='ocr_line' id='line_1_12' title="bbox 246 1241 1205 1322; baseline -0.002 -16"><span class='ocrx_word' id='word_1_90' title='bbox 246 1244 343 1306; x_wconf 89' lang='lat' dir='ltr'>sulum</span> <span class='ocrx_word' id='word_1_91' title='bbox 358 1249 454 1306; x_wconf 86' lang='lat' dir='ltr'>eastra</span> <span class='ocrx_word' id='word_1_92' title='bbox 466 1244 703 1322; x_wconf 88' lang='lat' dir='ltr'>interceperunt,</span> <span class='ocrx_word' id='word_1_93' title='bbox 726 1248 759 1303; x_wconf 93' lang='lat' dir='ltr'>ut</span> <span class='ocrx_word' id='word_1_94' title='bbox 776 1242 938 1322; x_wconf 84' lang='lat' dir='ltr'>pervadere</span> <span class='ocrx_word' id='word_1_95' title='bbox 957 1241 1111 1322; x_wconf 85' lang='lat' dir='ltr'>expeditus</span> <span class='ocrx_word' id='word_1_96' title='bbox 1129 1260 1205 1304; x_wconf 88' lang='lat' dir='ltr'>nun·</span> 
     </span>
     <span class='ocr_line' id='line_1_13' title="bbox 217 1324 1204 1408; baseline 0.001 -22"><span class='ocrx_word' id='word_1_97' title='bbox 217 1339 234 1386; x_wconf 86' lang='lat'>4</span> <span class='ocrx_word' id='word_1_98' title='bbox 246 1330 303 1389; x_wconf 90' lang='lat' dir='ltr'>tius</span> <span class='ocrx_word' id='word_1_99' title='bbox 316 1345 376 1389; x_wconf 92' lang='lat' dir='ltr'>nou</span> <span class='ocrx_word' id='word_1_100' title='bbox 391 1333 507 1408; x_wconf 89' lang='lat' dir='ltr'>posset,</span> <span class='ocrx_word' id='word_1_101' title='bbox 522 1332 552 1387; x_wconf 88' lang='lat' dir='ltr'>et</span> <span class='ocrx_word' id='word_1_102' title='bbox 565 1343 620 1405; x_wconf 88' lang='lat' dir='ltr'>per</span> <span class='ocrx_word' id='word_1_103' title='bbox 633 1324 746 1405; x_wconf 83' lang='lat' dir='ltr'>ailquot</span> <span class='ocrx_word' id='word_1_104' title='bbox 760 1325 823 1387; x_wconf 87' lang='lat' dir='ltr'>dies</span> <span class='ocrx_word' id='word_1_105' title='bbox 838 1327 946 1387; x_wconf 84' lang='lat' dir='ltr'>incerti</span> <span class='ocrx_word' id='word_1_106' title='bbox 958 1343 1060 1388; x_wconf 90' lang='lat' dir='ltr'>rerum</span> <span class='ocrx_word' id='word_1_107' title='bbox 1072 1327 1204 1387; x_wconf 91' lang='lat' dir='ltr'>omnium</span> 
     </span>
     <span class='ocr_line' id='line_1_14' title="bbox 246 1408 1204 1492; baseline -0.002 -21"><span class='ocrx_word' id='word_1_108' title='bbox 246 1412 439 1492; x_wconf 81' lang='lat' dir='ltr'>smpensique</span> <span class='ocrx_word' id='word_1_109' title='bbox 456 1409 493 1471; x_wconf 89' lang='lat' dir='ltr'>de</span> <span class='ocrx_word' id='word_1_110' title='bbox 507 1416 584 1471; x_wconf 90' lang='lat' dir='ltr'>statu</span> <span class='ocrx_word' id='word_1_111' title='bbox 600 1408 720 1470; x_wconf 85' lang='lat' dir='ltr'>alterius</span> <span class='ocrx_word' id='word_1_112' title='bbox 739 1415 864 1489; x_wconf 88' lang='lat' dir='ltr'>uterque</span> <span class='ocrx_word' id='word_1_113' title='bbox 886 1408 989 1471; x_wconf 91' lang='lat' dir='ltr'>consul</span> <span class='ocrx_word' id='word_1_114' title='bbox 1007 1417 1124 1488; x_wconf 85' lang='lat' dir='ltr'>ageret,</span> <span class='ocrx_word' id='word_1_115' title='bbox 1145 1409 1204 1471; x_wconf 87' lang='lat' dir='ltr'>Ro·</span> 
     </span>
     <span class='ocr_line' id='line_1_15' title="bbox 217 1492 1205 1656; baseline 0.004 -22"><span class='ocrx_word' id='word_1_116' title='bbox 217 1492 831 1656; x_wconf 54' lang='lat' dir='ltr'>ctzldtdisiuttttttlttt</span> <span class='ocrx_word' id='word_1_117' title='bbox 842 1494 1205 1639; x_wconf 59' lang='lat' dir='ltr'>Addidisti·</span> 
     </span>
     <span class='ocr_line' id='line_1_16' title="bbox 244 1658 1204 1741; baseline 0.001 -21"><span class='ocrx_word' id='word_1_118' title='bbox 244 1659 550 1721; x_wconf 86' lang='lat' dir='ltr'>berenturexercitus.</span> <span class='ocrx_word' id='word_1_119' title='bbox 575 1667 708 1722; x_wconf 87' lang='lat' dir='ltr'>ceterum</span> <span class='ocrx_word' id='word_1_120' title='bbox 723 1660 883 1721; x_wconf 89' lang='lat' dir='ltr'>Hernicum</span> <span class='ocrx_word' id='word_1_121' title='bbox 893 1658 1005 1722; x_wconf 85' lang='lat' dir='ltr'>beilum</span> <span class='ocrx_word' id='word_1_122' title='bbox 1017 1678 1204 1741; x_wconf 91' lang='lat' dir='ltr'>nequaquam</span> 
     </span>
     <span class='ocr_line' id='line_1_17' title="bbox 216 1741 1204 1824; baseline 0.005 -24"><span class='ocrx_word' id='word_1_123' title='bbox 216 1748 234 1800; x_wconf 83' lang='lat' dir='ltr'>o</span> <span class='ocrx_word' id='word_1_124' title='bbox 243 1761 299 1824; x_wconf 92' lang='lat' dir='ltr'>pro</span> <span class='ocrx_word' id='word_1_125' title='bbox 315 1744 465 1820; x_wconf 83' lang='lat' dir='ltr'>praesenti</span> <span class='ocrx_word' id='word_1_126' title='bbox 480 1749 596 1803; x_wconf 85' lang='lat' dir='ltr'>terrore</span> <span class='ocrx_word' id='word_1_127' title='bbox 610 1761 644 1805; x_wconf 91' lang='lat' dir='ltr'>ao</span> <span class='ocrx_word' id='word_1_128' title='bbox 666 1751 780 1806; x_wconf 82' lang='lat' dir='ltr'>vetusta</span> <span class='ocrx_word' id='word_1_129' title='bbox 799 1744 895 1824; x_wconf 89' lang='lat' dir='ltr'>gentis</span> <span class='ocrx_word' id='word_1_130' title='bbox 916 1741 1010 1824; x_wconf 81' lang='lat' dir='ltr'>glorta</span> <span class='ocrx_word' id='word_1_131' title='bbox 1032 1743 1098 1805; x_wconf 82' lang='lat' dir='ltr'>luit</span> <span class='ocrx_word' id='word_1_132' title='bbox 1129 1743 1204 1805; x_wconf 89' lang='lat' dir='ltr'>nihii</span> 
     </span>
     <span class='ocr_line' id='line_1_18' title="bbox 124 1825 1204 1908; baseline 0.003 -22"><span class='ocrx_word' id='word_1_133' title='bbox 124 1853 125 1856; x_wconf 37' lang='lat'>¹</span> <span class='ocrx_word' id='word_1_134' title='bbox 245 1844 370 1906; x_wconf 83' lang='lat' dir='ltr'>usquam</span> <span class='ocrx_word' id='word_1_135' title='bbox 385 1825 466 1886; x_wconf 88' lang='lat' dir='ltr'>dictu</span> <span class='ocrx_word' id='word_1_136' title='bbox 479 1825 600 1903; x_wconf 85' lang='lat' dir='ltr'>dignum</span> <span class='ocrx_word' id='word_1_137' title='bbox 611 1828 689 1897; x_wconf 84' lang='lat' dir='ltr'>ausi,</span> <span class='ocrx_word' id='word_1_138' title='bbox 709 1828 795 1889; x_wconf 80' lang='lat' dir='ltr'>trime</span> <span class='ocrx_word' id='word_1_139' title='bbox 808 1829 911 1890; x_wconf 85' lang='lat' dir='ltr'>castris</span> <span class='ocrx_word' id='word_1_140' title='bbox 925 1829 1003 1890; x_wconf 85' lang='lat' dir='ltr'>iutra</span> <span class='ocrx_word' id='word_1_141' title='bbox 1014 1844 1125 1908; x_wconf 89' lang='lat' dir='ltr'>paucos</span> <span class='ocrx_word' id='word_1_142' title='bbox 1141 1827 1204 1890; x_wconf 84' lang='lat' dir='ltr'>diae</span> 
     </span>
     <span class='ocr_line' id='line_1_19' title="bbox 245 1908 1205 1989; baseline 0.003 -18"><span class='ocrx_word' id='word_1_143' title='bbox 245 1912 334 1983; x_wconf 86' lang='lat' dir='ltr'>exuti,</span> <span class='ocrx_word' id='word_1_144' title='bbox 351 1910 470 1989; x_wconf 83' lang='lat' dir='ltr'>triginta</span> <span class='ocrx_word' id='word_1_145' title='bbox 485 1908 600 1972; x_wconf 87' lang='lat' dir='ltr'>dierum</span> <span class='ocrx_word' id='word_1_146' title='bbox 616 1910 754 1983; x_wconf 86' lang='lat' dir='ltr'>indutias,</span> <span class='ocrx_word' id='word_1_147' title='bbox 771 1912 812 1973; x_wconf 87' lang='lat' dir='ltr'>ita</span> <span class='ocrx_word' id='word_1_148' title='bbox 827 1919 861 1973; x_wconf 89' lang='lat' dir='ltr'>ut</span> <span class='ocrx_word' id='word_1_149' title='bbox 875 1909 913 1974; x_wconf 90' lang='lat' dir='ltr'>ad</span> <span class='ocrx_word' id='word_1_150' title='bbox 929 1919 1064 1973; x_wconf 87' lang='lat' dir='ltr'>senatum</span> <span class='ocrx_word' id='word_1_151' title='bbox 1078 1909 1205 1974; x_wconf 85' lang='lat' dir='ltr'>Romam</span> 
     </span>
     <span class='ocr_line' id='line_1_20' title="bbox 243 1992 1204 2075; baseline 0.002 -20"><span class='ocrx_word' id='word_1_152' title='bbox 243 1992 357 2074; x_wconf 87' lang='lat' dir='ltr'>legatos</span> <span class='ocrx_word' id='word_1_153' title='bbox 370 1994 536 2069; x_wconf 85' lang='lat' dir='ltr'>mitterent,</span> <span class='ocrx_word' id='word_1_154' title='bbox 550 1997 628 2075; x_wconf 85' lang='lat' dir='ltr'>pacti</span> <span class='ocrx_word' id='word_1_155' title='bbox 643 2001 713 2056; x_wconf 89' lang='lat' dir='ltr'>sunt</span> <span class='ocrx_word' id='word_1_156' title='bbox 726 1997 862 2057; x_wconf 87' lang='lat' dir='ltr'>semestri</span> <span class='ocrx_word' id='word_1_157' title='bbox 877 1994 1023 2075; x_wconf 86' lang='lat' dir='ltr'>silpendio</span> <span class='ocrx_word' id='word_1_158' title='bbox 1038 1994 1204 2057; x_wconf 70' lang='lat' dir='ltr'>frumento·</span> 
     </span>
     <span class='ocr_line' id='line_1_21' title="bbox 216 2076 1204 2158; baseline 0.002 -19"><span class='ocrx_word' id='word_1_159' title='bbox 216 2085 231 2133; x_wconf 81' lang='lat'>⁷</span> <span class='ocrx_word' id='word_1_160' title='bbox 245 2096 302 2158; x_wconf 90' lang='lat' dir='ltr'>que</span> <span class='ocrx_word' id='word_1_161' title='bbox 316 2086 346 2140; x_wconf 89' lang='lat' dir='ltr'>et</span> <span class='ocrx_word' id='word_1_162' title='bbox 361 2076 484 2156; x_wconf 75' lang='lat' dir='ltr'>siugulis</span> <span class='ocrx_word' id='word_1_163' title='bbox 499 2083 530 2143; x_wconf 94' lang='lat' dir='ltr'>in</span> <span class='ocrx_word' id='word_1_164' title='bbox 544 2078 669 2143; x_wconf 89' lang='lat' dir='ltr'>militem</span> <span class='ocrx_word' id='word_1_165' title='bbox 683 2079 801 2141; x_wconf 88' lang='lat' dir='ltr'>tunicis.</span> <span class='ocrx_word' id='word_1_166' title='bbox 838 2077 875 2141; x_wconf 83' lang='lat' dir='ltr'>ab</span> <span class='ocrx_word' id='word_1_167' title='bbox 890 2086 996 2141; x_wconf 86' lang='lat' dir='ltr'>senatu</span> <span class='ocrx_word' id='word_1_168' title='bbox 1009 2079 1046 2139; x_wconf 95' lang='lat' dir='ltr'>ad</span> <span class='ocrx_word' id='word_1_169' title='bbox 1059 2077 1204 2141; x_wconf 83' lang='lat' dir='ltr'>Marcium</span> 
     </span>
     <span class='ocr_line' id='line_1_22' title="bbox 244 2161 1202 2243; baseline 0.001 -21"><span class='ocrx_word' id='word_1_170' title='bbox 244 2164 362 2234; x_wconf 88' lang='lat' dir='ltr'>reiecti,</span> <span class='ocrx_word' id='word_1_171' title='bbox 381 2161 428 2223; x_wconf 92' lang='lat' dir='ltr'>cui</span> <span class='ocrx_word' id='word_1_172' title='bbox 443 2174 562 2228; x_wconf 89' lang='lat' dir='ltr'>senatus</span> <span class='ocrx_word' id='word_1_173' title='bbox 577 2162 712 2225; x_wconf 83' lang='lat' dir='ltr'>consulto</span> <span class='ocrx_word' id='word_1_174' title='bbox 728 2163 906 2243; x_wconf 87' lang='lat' dir='ltr'>permissum</span> <span class='ocrx_word' id='word_1_175' title='bbox 922 2163 959 2223; x_wconf 91' lang='lat' dir='ltr'>de</span> <span class='ocrx_word' id='word_1_176' title='bbox 973 2163 1110 2224; x_wconf 82' lang='lat' dir='ltr'>Hernicis</span> <span class='ocrx_word' id='word_1_177' title='bbox 1124 2170 1202 2231; x_wconf 82' lang='lat' dir='ltr'>erat:</span> 
     </span>
     <span class='ocr_line' id='line_1_23' title="bbox 243 2245 1203 2328; baseline -0.002 -20"><span class='ocrx_word' id='word_1_178' title='bbox 243 2249 327 2328; x_wconf 89' lang='lat' dir='ltr'>isque</span> <span class='ocrx_word' id='word_1_179' title='bbox 349 2264 414 2309; x_wconf 91' lang='lat' dir='ltr'>eam</span> <span class='ocrx_word' id='word_1_180' title='bbox 435 2256 553 2323; x_wconf 85' lang='lat' dir='ltr'>gentem</span> <span class='ocrx_word' id='word_1_181' title='bbox 575 2251 607 2309; x_wconf 88' lang='lat' dir='ltr'>in</span> <span class='ocrx_word' id='word_1_182' title='bbox 625 2245 804 2308; x_wconf 78' lang='lat' dir='ltr'>dedicionem</span> <span class='ocrx_word' id='word_1_183' title='bbox 823 2247 947 2325; x_wconf 87' lang='lat' dir='ltr'>accepit.</span> <span class='ocrx_word' id='word_1_184' title='bbox 983 2252 1014 2307; x_wconf 90' lang='lat' dir='ltr'>et</span> <span class='ocrx_word' id='word_1_185' title='bbox 1035 2247 1067 2307; x_wconf 91' lang='lat' dir='ltr'>in</span> <span class='ocrx_word' id='word_1_186' title='bbox 1081 2246 1203 2308; x_wconf 66' lang='lat' dir='ltr'>&amp;nonio</span> 
     </span>
     <span class='ocr_line' id='line_1_24' title="bbox 214 2328 1203 2413; baseline 0.004 -26"><span class='ocrx_word' id='word_1_187' title='bbox 214 2330 317 2393; x_wconf 76' lang='lat' dir='ltr'>salter</span> <span class='ocrx_word' id='word_1_188' title='bbox 333 2328 435 2392; x_wconf 81' lang='lat' dir='ltr'>censuri</span> <span class='ocrx_word' id='word_1_189' title='bbox 451 2335 586 2413; x_wconf 88' lang='lat' dir='ltr'>superior</span> <span class='ocrx_word' id='word_1_190' title='bbox 599 2329 725 2403; x_wconf 79' lang='lat' dir='ltr'>viribus,</span> <span class='ocrx_word' id='word_1_191' title='bbox 741 2328 815 2391; x_wconf 88' lang='lat' dir='ltr'>locis</span> <span class='ocrx_word' id='word_1_192' title='bbox 829 2329 988 2411; x_wconf 81' lang='lat' dir='ltr'>inpeditIor</span> <span class='ocrx_word' id='word_1_193' title='bbox 1004 2336 1077 2391; x_wconf 84' lang='lat' dir='ltr'>erat.</span> <span class='ocrx_word' id='word_1_194' title='bbox 1102 2331 1203 2392; x_wconf 84' lang='lat' dir='ltr'>omnia</span> 
     </span>
     <span class='ocr_line' id='line_1_25' title="bbox 240 2412 1201 2496; baseline -0.001 -21"><span class='ocrx_word' id='word_1_195' title='bbox 240 2416 348 2475; x_wconf 80' lang='lat' dir='ltr'>itInera</span> <span class='ocrx_word' id='word_1_196' title='bbox 368 2414 578 2496; x_wconf 84' lang='lat' dir='ltr'>obsaepserant</span> <span class='ocrx_word' id='word_1_197' title='bbox 604 2414 706 2476; x_wconf 90' lang='lat' dir='ltr'>hostes</span> <span class='ocrx_word' id='word_1_198' title='bbox 735 2412 883 2494; x_wconf 83' lang='lat' dir='ltr'>saltusque</span> <span class='ocrx_word' id='word_1_199' title='bbox 912 2414 1028 2494; x_wconf 81' lang='lat' dir='ltr'>pervios</span> <span class='ocrx_word' id='word_1_200' title='bbox 1050 2419 1201 2492; x_wconf 90' lang='lat' dir='ltr'>ceperant,</span> 
     </span>
     <span class='ocr_line' id='line_1_26' title="bbox 242 2496 1202 2578; baseline 0.001 -21"><span class='ocrx_word' id='word_1_201' title='bbox 242 2515 280 2557; x_wconf 90' lang='lat' dir='ltr'>no</span> <span class='ocrx_word' id='word_1_202' title='bbox 294 2516 352 2576; x_wconf 88' lang='lat' dir='ltr'>qua</span> <span class='ocrx_word' id='word_1_203' title='bbox 366 2496 489 2560; x_wconf 81' lang='lat' dir='ltr'>subvehi</span> <span class='ocrx_word' id='word_1_204' title='bbox 510 2505 692 2561; x_wconf 83' lang='lat' dir='ltr'>commeatus</span> <span class='ocrx_word' id='word_1_205' title='bbox 711 2506 842 2577; x_wconf 83' lang='lat' dir='ltr'>possent.</span> <span class='ocrx_word' id='word_1_206' title='bbox 865 2514 962 2578; x_wconf 87' lang='lat' dir='ltr'>noque</span> <span class='ocrx_word' id='word_1_207' title='bbox 983 2514 1049 2569; x_wconf 85' lang='lat' dir='ltr'>eos,</span> <span class='ocrx_word' id='word_1_208' title='bbox 1067 2514 1137 2558; x_wconf 90' lang='lat' dir='ltr'>cum</span> <span class='ocrx_word' id='word_1_209' title='bbox 1152 2514 1202 2558; x_wconf 90' lang='lat' dir='ltr'>co·</span> 
     </span>
     <span class='ocr_line' id='line_1_27' title="bbox 241 2579 1203 2660; baseline 0.001 -20"><span class='ocrx_word' id='word_1_210' title='bbox 241 2581 314 2640; x_wconf 88' lang='lat' dir='ltr'>tidie</span> <span class='ocrx_word' id='word_1_211' title='bbox 331 2582 415 2657; x_wconf 86' lang='lat' dir='ltr'>signa</span> <span class='ocrx_word' id='word_1_212' title='bbox 428 2584 459 2641; x_wconf 91' lang='lat' dir='ltr'>in</span> <span class='ocrx_word' id='word_1_213' title='bbox 470 2582 563 2644; x_wconf 88' lang='lat' dir='ltr'>aciem</span> <span class='ocrx_word' id='word_1_214' title='bbox 575 2580 679 2644; x_wconf 89' lang='lat' dir='ltr'>consul</span> <span class='ocrx_word' id='word_1_215' title='bbox 692 2581 856 2660; x_wconf 83' lang='lat' dir='ltr'>proterret,</span> <span class='ocrx_word' id='word_1_216' title='bbox 871 2579 979 2643; x_wconf 87' lang='lat' dir='ltr'>elloere</span> <span class='ocrx_word' id='word_1_217' title='bbox 994 2580 1032 2642; x_wconf 93' lang='lat' dir='ltr'>ad</span> <span class='ocrx_word' id='word_1_218' title='bbox 1050 2589 1203 2641; x_wconf 86' lang='lat' dir='ltr'>certamen</span> 
     </span>
     <span class='ocr_line' id='line_1_28' title="bbox 213 2663 1203 2746; baseline 0.005 -25"><span class='ocrx_word' id='word_1_219' title='bbox 213 2668 373 2741; x_wconf 86' lang='lat' dir='ltr'>spoterat,</span> <span class='ocrx_word' id='word_1_220' title='bbox 400 2665 528 2744; x_wconf 88' lang='lat' dir='ltr'>satisque</span> <span class='ocrx_word' id='word_1_221' title='bbox 553 2663 715 2744; x_wconf 85' lang='lat' dir='ltr'>apparebat</span> <span class='ocrx_word' id='word_1_222' title='bbox 739 2682 836 2746; x_wconf 89' lang='lat' dir='ltr'>neque</span> <span class='ocrx_word' id='word_1_223' title='bbox 856 2665 1017 2727; x_wconf 89' lang='lat' dir='ltr'>Samnitem</span> <span class='ocrx_word' id='word_1_224' title='bbox 1049 2670 1203 2726; x_wconf 83' lang='lat' dir='ltr'>certamen</span> 
     </span>
     <span class='ocr_line' id='line_1_29' title="bbox 202 2746 1204 2826; baseline 0.005 -22"><span class='ocrx_word' id='word_1_225' title='bbox 202 2751 381 2826; x_wconf 83' lang='lat' dir='ltr'>lopraeseus</span> <span class='ocrx_word' id='word_1_226' title='bbox 393 2746 622 2809; x_wconf 86' lang='lat' dir='ltr'>necRomanum</span> <span class='ocrx_word' id='word_1_227' title='bbox 634 2746 1037 2814; x_wconf 82' lang='lat' dir='ltr'>dllationembelliIaturum.</span> <span class='ocrx_word' id='word_1_228' title='bbox 1059 2746 1204 2810; x_wconf 85' lang='lat' dir='ltr'>adrentus</span> 
     </span>
     <span class='ocr_line' id='line_1_30' title="bbox 241 2828 1204 2910; baseline 0.001 -18"><span class='ocrx_word' id='word_1_229' title='bbox 241 2828 349 2901; x_wconf 85' lang='lat' dir='ltr'>llarci,</span> <span class='ocrx_word' id='word_1_230' title='bbox 370 2829 421 2910; x_wconf 91' lang='lat' dir='ltr'>qui</span> <span class='ocrx_word' id='word_1_231' title='bbox 443 2829 578 2893; x_wconf 80' lang='lat' dir='ltr'>Hernids</span> <span class='ocrx_word' id='word_1_232' title='bbox 603 2829 734 2893; x_wconf 88' lang='lat' dir='ltr'>subactis</span> <span class='ocrx_word' id='word_1_233' title='bbox 764 2834 919 2895; x_wconf 85' lang='lat' dir='ltr'>maturavit</span> <span class='ocrx_word' id='word_1_234' title='bbox 942 2830 1073 2910; x_wconf 78' lang='lat' dir='ltr'>collegae</span> <span class='ocrx_word' id='word_1_235' title='bbox 1100 2832 1204 2893; x_wconf 78' lang='lat' dir='ltr'>venire</span> 
     </span>
     <span class='ocr_line' id='line_1_31' title="bbox 201 2912 1203 2994; baseline 0.002 -21"><span class='ocrx_word' id='word_1_236' title='bbox 201 2920 229 2973; x_wconf 89' lang='lat' dir='ltr'>tl</span> <span class='ocrx_word' id='word_1_237' title='bbox 241 2912 362 2985; x_wconf 84' lang='lat' dir='ltr'>auxillo,</span> <span class='ocrx_word' id='word_1_238' title='bbox 384 2933 499 2977; x_wconf 90' lang='lat' dir='ltr'>moram</span> <span class='ocrx_word' id='word_1_239' title='bbox 520 2916 787 2978; x_wconf 72' lang='lat' dir='ltr'>certamInis&#39;hosti</span> <span class='ocrx_word' id='word_1_240' title='bbox 808 2918 925 2978; x_wconf 84' lang='lat' dir='ltr'>exemit</span> <span class='ocrx_word' id='word_1_241' title='bbox 960 2932 1030 2976; x_wconf 91' lang='lat' dir='ltr'>nam</span> <span class='ocrx_word' id='word_1_242' title='bbox 1043 2921 1076 2976; x_wconf 88' lang='lat' dir='ltr'>ut</span> <span class='ocrx_word' id='word_1_243' title='bbox 1094 2916 1147 2994; x_wconf 90' lang='lat' dir='ltr'>qui</span> <span class='ocrx_word' id='word_1_244' title='bbox 1164 2932 1203 2976; x_wconf 86' lang='lat' dir='ltr'>ne</span> 
     </span>
     <span class='ocr_line' id='line_1_32' title="bbox 241 2998 1201 3079; baseline -0.002 -18"><span class='ocrx_word' id='word_1_245' title='bbox 241 2998 326 3061; x_wconf 86' lang='lat' dir='ltr'>alteri</span> <span class='ocrx_word' id='word_1_246' title='bbox 341 2998 460 3079; x_wconf 82' lang='lat' dir='ltr'>quidem</span> <span class='ocrx_word' id='word_1_247' title='bbox 476 3001 619 3063; x_wconf 87' lang='lat' dir='ltr'>exercitui</span> <span class='ocrx_word' id='word_1_248' title='bbox 632 3017 665 3061; x_wconf 87' lang='lat' dir='ltr'>se</span> <span class='ocrx_word' id='word_1_249' title='bbox 682 2999 719 3060; x_wconf 90' lang='lat' dir='ltr'>ad</span> <span class='ocrx_word' id='word_1_250' title='bbox 733 3008 884 3062; x_wconf 81' lang='lat' dir='ltr'>certamen</span> <span class='ocrx_word' id='word_1_251' title='bbox 895 2998 1091 3061; x_wconf 87' lang='lat' dir='ltr'>credidissent</span> <span class='ocrx_word' id='word_1_252' title='bbox 1103 3016 1201 3079; x_wconf 66' lang='lat' dir='ltr'>paret</span> 
     </span>
     <span class='ocr_line' id='line_1_33' title="bbox 240 3081 1202 3165; baseline 0.001 -23"><span class='ocrx_word' id='word_1_253' title='bbox 240 3083 380 3162; x_wconf 87' lang='lat' dir='ltr'>coniungi</span> <span class='ocrx_word' id='word_1_254' title='bbox 393 3086 494 3164; x_wconf 92' lang='lat' dir='ltr'>utique</span> <span class='ocrx_word' id='word_1_255' title='bbox 508 3086 588 3165; x_wconf 86' lang='lat' dir='ltr'>passi</span> <span class='ocrx_word' id='word_1_256' title='bbox 603 3083 677 3145; x_wconf 89' lang='lat' dir='ltr'>duos</span> <span class='ocrx_word' id='word_1_257' title='bbox 691 3081 861 3145; x_wconf 89' lang='lat' dir='ltr'>consulares</span> <span class='ocrx_word' id='word_1_258' title='bbox 878 3084 1025 3146; x_wconf 85' lang='lat' dir='ltr'>exercitus</span> <span class='ocrx_word' id='word_1_259' title='bbox 1045 3081 1119 3144; x_wconf 88' lang='lat' dir='ltr'>nihil</span> <span class='ocrx_word' id='word_1_260' title='bbox 1137 3100 1202 3144; x_wconf 85' lang='lat' dir='ltr'>cre·</span> 
     </span>
     <span class='ocr_line' id='line_1_34' title="bbox 241 3165 1203 3249; baseline 0.001 -23"><span class='ocrx_word' id='word_1_261' title='bbox 241 3166 347 3228; x_wconf 85' lang='lat' dir='ltr'>dorent</span> <span class='ocrx_word' id='word_1_262' title='bbox 371 3185 527 3248; x_wconf 88' lang='lat' dir='ltr'>superesse</span> <span class='ocrx_word' id='word_1_263' title='bbox 546 3169 625 3248; x_wconf 85' lang='lat' dir='ltr'>spei,</span> <span class='ocrx_word' id='word_1_264' title='bbox 650 3165 854 3229; x_wconf 84' lang='lat' dir='ltr'>advenientem</span> <span class='ocrx_word' id='word_1_265' title='bbox 880 3167 1064 3249; x_wconf 88' lang='lat' dir='ltr'>inconposito</span> <span class='ocrx_word' id='word_1_266' title='bbox 1084 3168 1203 3245; x_wconf 89' lang='lat' dir='ltr'>agmine</span> 
     </span>
     <span class='ocr_line' id='line_1_35' title="bbox 200 3250 1202 3331; baseline 0.004 -25"><span class='ocrx_word' id='word_1_267' title='bbox 200 3250 382 3312; x_wconf 75' lang='lat' dir='ltr'>taliarcium</span> <span class='ocrx_word' id='word_1_268' title='bbox 403 3251 625 3331; x_wconf 89' lang='lat' dir='ltr'>adgrediuntur.</span> <span class='ocrx_word' id='word_1_269' title='bbox 665 3252 772 3331; x_wconf 89' lang='lat' dir='ltr'>raptim</span> <span class='ocrx_word' id='word_1_270' title='bbox 788 3250 922 3313; x_wconf 85' lang='lat' dir='ltr'>conlatae</span> <span class='ocrx_word' id='word_1_271' title='bbox 942 3252 1076 3313; x_wconf 73' lang='lat' dir='ltr'>sarmatae</span> <span class='ocrx_word' id='word_1_272' title='bbox 1090 3250 1123 3311; x_wconf 91' lang='lat' dir='ltr'>in</span> <span class='ocrx_word' id='word_1_273' title='bbox 1139 3267 1202 3312; x_wconf 71' lang='lat' dir='ltr'>me</span> 
     </span>
    </p>
   </div>
   <div class='ocr_carea' id='block_1_4' title="bbox 240 3332 1287 3501">
    <p class='ocr_par' dir='ltr' id='par_1_5' title="bbox 240 3332 1287 3501">
     <span class='ocr_line' id='line_1_36' title="bbox 241 3332 1287 3416; baseline 0 -24"><span class='ocrx_word' id='word_1_274' title='bbox 241 3334 321 3394; x_wconf 91' lang='lat' dir='ltr'>dium</span> <span class='ocrx_word' id='word_1_275' title='bbox 333 3341 377 3403; x_wconf 89' lang='lat' dir='ltr'>et,</span> <span class='ocrx_word' id='word_1_276' title='bbox 393 3344 480 3414; x_wconf 88' lang='lat' dir='ltr'>prout</span> <span class='ocrx_word' id='word_1_277' title='bbox 493 3343 610 3416; x_wconf 89' lang='lat' dir='ltr'>tempus</span> <span class='ocrx_word' id='word_1_278' title='bbox 621 3334 802 3416; x_wconf 89' lang='lat' dir='ltr'>patiebatur,</span> <span class='ocrx_word' id='word_1_279' title='bbox 820 3336 963 3398; x_wconf 78' lang='lat' dir='ltr'>instructo</span> <span class='ocrx_word' id='word_1_280' title='bbox 974 3335 1062 3396; x_wconf 86' lang='lat' dir='ltr'>acies.</span> <span class='ocrx_word' id='word_1_281' title='bbox 1089 3332 1203 3395; x_wconf 84' lang='lat' dir='ltr'>clamor</span> <span class='ocrx_word' id='word_1_282' title='bbox 1286 3343 1287 3416; x_wconf 55' lang='lat' dir='ltr'>J</span> 
     </span>
     <span class='ocr_line' id='line_1_37' title="bbox 240 3415 1287 3501; baseline 0 -26"><span class='ocrx_word' id='word_1_283' title='bbox 240 3417 369 3492; x_wconf 86' lang='lat' dir='ltr'>primum</span> <span class='ocrx_word' id='word_1_284' title='bbox 384 3420 417 3478; x_wconf 94' lang='lat' dir='ltr'>in</span> <span class='ocrx_word' id='word_1_285' title='bbox 430 3420 532 3481; x_wconf 82' lang='lat' dir='ltr'>stativa</span> <span class='ocrx_word' id='word_1_286' title='bbox 548 3418 693 3498; x_wconf 85' lang='lat' dir='ltr'>perlatus,</span> <span class='ocrx_word' id='word_1_287' title='bbox 711 3418 780 3481; x_wconf 92' lang='lat' dir='ltr'>dein</span> <span class='ocrx_word' id='word_1_288' title='bbox 795 3429 970 3501; x_wconf 84' lang='lat' dir='ltr'>conspectus</span> <span class='ocrx_word' id='word_1_289' title='bbox 985 3415 1090 3498; x_wconf 91' lang='lat' dir='ltr'>procui</span> <span class='ocrx_word' id='word_1_290' title='bbox 1106 3415 1202 3498; x_wconf 82' lang='lat' dir='ltr'>pulrie</span> <span class='ocrx_word' id='word_1_291' title='bbox 1286 3419 1287 3438; x_wconf 68' lang='lat'><em>³</em></span> 
     </span>
    </p>
   </div>
   <div class='ocr_carea' id='block_1_5' title="bbox 200 3497 1203 3580">
    <p class='ocr_par' dir='ltr' id='par_1_6' title="bbox 200 3497 1203 3580">
     <span class='ocr_line' id='line_1_38' title="bbox 200 3497 1203 3580; baseline 0.008 -27"><span class='ocrx_word' id='word_1_292' title='bbox 200 3503 232 3555; x_wconf 80' lang='grc'>13</span> <span class='ocrx_word' id='word_1_293' title='bbox 242 3497 398 3559; x_wconf 85' lang='lat' dir='ltr'>tumultum</span> <span class='ocrx_word' id='word_1_294' title='bbox 420 3501 497 3577; x_wconf 86' lang='lat' dir='ltr'>apud</span> <span class='ocrx_word' id='word_1_295' title='bbox 518 3501 643 3564; x_wconf 87' lang='lat' dir='ltr'>alterum</span> <span class='ocrx_word' id='word_1_296' title='bbox 665 3501 816 3564; x_wconf 88' lang='lat' dir='ltr'>consulem</span> <span class='ocrx_word' id='word_1_297' title='bbox 836 3505 868 3564; x_wconf 91' lang='lat' dir='ltr'>in</span> <span class='ocrx_word' id='word_1_298' title='bbox 888 3504 990 3565; x_wconf 84' lang='lat' dir='ltr'>castris</span> <span class='ocrx_word' id='word_1_299' title='bbox 1004 3501 1084 3562; x_wconf 91' lang='lat' dir='ltr'>iecit.</span> <span class='ocrx_word' id='word_1_300' title='bbox 1118 3501 1203 3580; x_wconf 76' lang='lat' dir='ltr'>isque</span> 
     </span>
    </p>
   </div>
   <div class='ocr_carea' id='block_1_6' title="bbox 0 0 1292 4067">
    <p class='ocr_par' dir='ltr' id='par_1_7' title="bbox 0 0 1292 4067">
     <span class='ocr_line' id='line_1_39' title="bbox 0 0 1292 4067; baseline 0 1"><span class='ocrx_word' id='word_1_301' title='bbox 0 0 1292 4067; x_wconf 95' lang='lat' dir='ltr'> </span> 
     </span>
    </p>
   </div>
  </div>
 </body>
</html>
