2575 4067
247 222 307 285 248
424 235 518 277 ornan
532 235 596 276 xxi.
614 234 683 278 cae.
699 224 742 277 5².
756 223 801 276 53.
821 214 861 296 [a.
876 237 907 276 u.
923 237 950 275 c.
965 213 1026 294 536]

245 381 370 442 duorum
390 382 627 461 praepotentium
649 381 827 461 populorum
851 382 1012 442 certamine
1032 398 1088 459 per
1115 379 1219 440 ambi·

248 482 337 544 guum
364 464 493 526 savorem
518 465 597 525 haud
623 465 711 526 dubie
738 467 862 544 gratiam
886 465 1005 525 victoris
1030 470 1217 543 spectantes

221 548 275 609 lid
290 548 428 619 Romani,
451 547 538 608 modo
554 567 592 608 ne
607 549 677 628 quid
691 556 859 619 moverent,
876 567 970 627 aequo
984 549 1071 618 satis,
1088 547 1219 608 Poenus

244 633 399 712 periniquo
419 634 517 693 auimo
539 632 667 702 ferebat,
688 632 725 692 ab
742 632 832 693 Gallis
847 634 972 693 accitum
993 631 1161 691 sevenisse
1178 629 1217 690 ad

216 714 411 776 eliberandos
431 730 482 776 eos
502 715 648 778 dictitans.
682 714 801 777 obeam
821 717 912 786 iram,
938 712 1025 775 simul
1043 723 1075 774 ut
1096 714 1217 794 praeda

244 798 365 860 militem
391 798 501 867 aleret,
524 797 582 859 duo
602 799 682 859 milia
705 800 838 879 peditum
855 806 884 860 et
899 797 979 860 mille
998 799 1126 877 equites,
1149 798 1214 858 Nu·

243 882 337 943 midas
362 881 533 961 plerosque,
565 884 671 944 mixtos
699 883 839 960 quosdam
869 890 898 942 et
920 880 1034 950 Gallos,
1069 880 1214 959 populari

219 975 364 1026 oomnena
379 966 518 1044 deinceps
536 983 643 1044 agrurn
658 983 751 1044 usque
765 965 801 1027 ad
812 966 884 1027 Padi
899 966 980 1045 ripas
993 967 1086 1025 iussit.
1117 983 1213 1043 egen·

244 1057 288 1110 tes
306 1067 362 1128 ope
374 1049 464 1119 Galli,
483 1067 551 1109 oum
565 1048 602 1109 ad
617 1049 647 1109 id
664 1048 768 1109 dubios
783 1055 950 1110 serrassent
964 1046 1094 1117 animos,
1113 1049 1212 1108 coacti

244 1131 280 1193 ab
297 1132 467 1194 auctoribus
479 1134 604 1193 iniuriae
621 1133 658 1193 ad
673 1133 803 1193 vindices
818 1134 931 1193 futuros
947 1132 1109 1200 declinant,
1124 1130 1211 1209 lega·

244 1217 339 1295 iisque
353 1216 391 1277 ad
413 1215 548 1277 consules
567 1217 663 1277 missis
679 1215 819 1276 auxilium
830 1215 1031 1277 Romanorum
1053 1223 1157 1275 terrae
1172 1214 1210 1275 ob

219 1308 234 1358 7
247 1300 366 1361 nimiam
379 1300 525 1361 cultorum
539 1300 628 1360 fidem
640 1301 673 1359 in
684 1299 832 1360 Romanos
847 1297 993 1360 laboranti
1007 1305 1107 1361 orant..
1134 1298 1210 1359 Cor·

244 1382 323 1445 aelio
338 1401 393 1444 nec
408 1401 495 1445 causa
509 1401 565 1444 neo
581 1393 697 1461 tempus
712 1382 842 1460 agendae
857 1384 902 1443 rei
915 1381 1065 1461 placebat,
1085 1399 1210 1461 suspec-

244 1476 331 1547 taque
354 1469 381 1528 ei
407 1485 480 1545 gens
504 1474 567 1527 erat
587 1484 653 1527 cum
676 1465 714 1527 ob
734 1466 822 1526 infida
843 1464 935 1532 multa
956 1466 1102 1535 facinora,
1132 1472 1208 1535 tum,

243 1560 276 1610 ut
297 1550 347 1610 illa
361 1558 503 1611 vetustate
518 1549 741 1620 obsolevissent,
763 1549 800 1610 ob
816 1558 966 1610 recentem
981 1549 1122 1610 Boiorum
1137 1566 1208 1629 per·

217 1633 359 1701 obdiam
376 1633 568 1711 Sempronius
580 1641 683 1695 contra
695 1634 880 1695 continendis
892 1635 924 1693 in
939 1633 997 1693 llde
1012 1633 1101 1694 sociis
1113 1633 1207 1693 maxi-

244 1734 324 1776 mum
335 1713 483 1776 vinculum
491 1734 555 1777 esse
565 1719 686 1795 primos,
698 1719 748 1797 qui
754 1719 903 1795 eguissent
910 1735 974 1797 ope,
989 1716 1128 1777 defensos
1135 1733 1205 1776 cen·

217 1797 336 1860 osebat.
365 1816 432 1859 cum
444 1799 585 1877 collegam
601 1808 786 1862 cunctantem
799 1804 835 1840 *²⁸
848 1802 1008 1880 equitatum
1023 1818 1110 1860 suum
1124 1798 1204 1860 milla

243 1883 374 1964 peditum
402 1882 610 1945 iaculatoribus
638 1884 732 1945 ferme
759 1883 895 1945 admixtis
922 1884 958 1944 ad
984 1882 1204 1944 defendendum

205 1974 234 2026 io
245 1966 387 2034 Gallicum
409 1985 512 2045 agrum
532 1978 614 2028 trans
628 1968 766 2037 Trebiam
781 1965 887 2029 'mittit
918 1986 1036 2047 sparsos
1051 1974 1080 2027 et
1100 1968 1203 2028 incon·

242 2052 363 2131 positos,
377 2051 412 2111 ad
440 2052 497 2113 hoc
521 2053 616 2130 gravis
638 2052 748 2129 praeda
774 2050 930 2130 plerosque
955 2069 1022 2112 cum
1052 2052 1203 2129 inopinato

242 2136 429 2207 invasissent,
449 2137 600 2214 ingentem
620 2143 766 2196 terrorem
781 2135 962 2213 caedemque
983 2152 1018 2195 ac
1039 2135 1139 2212 lugam
1155 2152 1203 2195 us·

242 2238 299 2300 que
324 2219 359 2282 ad
381 2228 476 2289 castra
500 2221 697 2298 stationesque
717 2219 845 2280 hostium
869 2218 982 2285 iecere:
1004 2217 1084 2279 unde
1104 2216 1203 2278 multi·

243 2305 343 2365 tudine
355 2303 444 2364 eliusa
459 2303 537 2382 pulsi
553 2320 656 2364 rursus
668 2301 797 2363 subsidio
813 2319 935 2363 suorum
957 2299 1103 2382 proelium
1119 2302 1204 2361 resti·

204 2394 232 2444 ll
246 2395 337 2449 tuere.
377 2389 455 2449 varia
475 2386 545 2447 inde
571 2404 670 2466 pugna
688 2393 843 2467 sequentes
862 2387 1056 2465 cedentesque
1077 2402 1145 2445 cum
1167 2383 1201 2443 ad

243 2479 407 2532 extremum
427 2477 601 2549 aequassent
615 2479 779 2540 certamen,
802 2470 896 2530 maior
910 2477 1009 2530 tamen
1024 2468 1152 2529 bostium
1169 2468 1201 2503 *⁸

242 2553 390 2614 Romanos
405 2553 481 2614 lama
496 2555 634 2614 victoriae
650 2554 714 2613 suit.

220 2644 232 2692 1
308 2634 379 2694 Llll.
410 2635 546 2696 Ceterum
561 2637 672 2696 nemini
687 2637 818 2696 omnium
833 2637 928 2696 maior
938 2637 1100 2715 iustiorque
1114 2652 1201 2712 quarn

241 2717 299 2796 ipsi
326 2717 440 2777 consuli
462 2717 569 2786 videri;
598 2718 704 2796 gaudio
727 2720 840 2788 ellerri,
868 2726 924 2798 qna
945 2726 1030 2798 parto
1050 2718 1199 2796 copiarum

215 2801 318 2862 salter
331 2799 433 2862 consul
455 2802 547 2863 victus
567 2802 657 2871 soret,
686 2820 720 2863 ea
739 2821 772 2862 se
791 2804 908 2863 vicisse:
931 2805 1081 2863 restitutos
1097 2817 1131 2860 ac
1151 2818 1200 2861 re·

243 2885 335 2948 lectos
350 2885 491 2947 militibus
508 2888 636 2956 animos,
657 2905 711 2948 neo
723 2903 900 2966 quemquam
916 2903 981 2947 esse
996 2892 1115 2965 praeter
1130 2901 1201 2944 con·

242 2969 352 3049 legam,
368 2972 419 3050 qui
435 2969 553 3033 dilatam
566 2971 783 3031 dimicationem
798 2967 897 3038 vellem
915 2986 982 3030 eum
996 2971 1094 3030 anlmo
1109 2969 1201 3046 magis

242 3073 329 3134 quam
351 3072 477 3134 corpore
502 3072 622 3132 aegrum
651 3054 793 3113 memoria
817 3052 947 3114 vulneris
970 3054 1064 3114 aciem
1088 3069 1124 3115 ao
1145 3050 1201 3113 tela

216 3146 232 3197 3
244 3138 378 3199 horrere.
401 3137 453 3198 sed
465 3156 524 3199 non
536 3156 599 3198 esse
612 3155 679 3198 cum
691 3154 780 3214 aegro
791 3137 1015 3198 senescendum.
1041 3134 1112 3215 quid
1123 3136 1200 3195 enim

240 3221 318 3283 ultra
331 3221 443 3282 dilierri
463 3230 513 3283 aut
532 3223 589 3282 teri
607 3221 741 3299 tompus?
787 3238 875 3299 quem
897 3222 1016 3282 tertium
1039 3217 1199 3289 consulem,

216 3315 328 3384 rquem
346 3303 434 3366 alium
450 3306 611 3367 exereitum
624 3304 793 3384 expectari?
808 3311 904 3366 castra
915 3303 1199 3381 Carthaginiensium

241 3389 272 3447 ln
287 3387 368 3448 ltalia
388 3406 421 3448 ac
440 3407 533 3469 prope
552 3390 583 3448 in
599 3396 759 3467 conspectu
779 3386 862 3448 urbis
884 3406 957 3448 esse.
993 3404 1054 3447 non
1072 3383 1200 3447 Siciliam

242 3486 275 3528 ao
292 3469 456 3530 Sardiniam
467 3470 553 3532 victis
569 3472 735 3552 ademptas,
751 3488 808 3532 nec
822 3473 864 3532 cis
876 3470 1019 3532 Hiberum
1027 3456 1199 3548 Hispaniam
