2575 4067
249 229 314 292 ²40
460 244 553 285 urens
567 243 632 284 111.
648 241 716 284 nur.
731 229 775 283 43.
793 222 832 303 [u.
848 246 879 285 u.
894 245 921 285 e.
937 221 1000 304 536]

250 390 452 463 moriendum,
468 389 586 461 milites,
603 397 655 461 est,
669 388 720 450 ubi
733 391 863 468 primum
878 391 956 451 hosti
971 392 1154 453 occurristis.
1192 403 1223 454 et

250 476 355 537 eadem
364 475 496 547 fortuna,
511 492 587 554 quae
597 474 801 535 nenessitatem
811 474 963 554 pugnandi
973 475 1111 554 inposuit,
1126 493 1222 555 prae·

250 560 309 622 mia
324 558 406 621 robis
422 576 457 620 ea
470 557 630 621 victoribus
649 558 802 636 proponit,
826 556 932 638 qubus
952 558 1094 637 ampliora
1116 559 1222 621 homi·

221 649 303 705 ones
317 660 356 704 ne
373 641 410 704 ub
424 642 481 703 diis
494 641 613 721 quidem
626 639 832 703 inmortalibus
847 648 951 720 optare
964 640 1069 703 solent.
1100 644 1126 702 si
1140 643 1220 704 Siei-

248 726 319 788 liam
332 734 444 789 tantum
455 743 490 787 ee
501 724 666 789 Sardiniam
679 723 852 802 parentibus
862 725 971 787 nostris
983 733 1099 803 ereptas
1111 734 1219 789 nostra

249 812 357 872 virtute
382 809 587 888 recuperaturi
616 824 761 878 essemus,
787 809 857 870 satis
878 814 978 869 tamen
999 807 1096 887 ampla
1118 812 1217 889 pretia

249 902 362 956 essent:
380 892 522 974 quidquid
532 891 656 953 Romani
667 897 711 952 tot
721 891 878 972 triumphis
891 898 1009 970 partum
1024 899 1216 971 congestum·

249 995 308 1057 que
324 976 487 1057 possident,
509 974 540 1035 id
562 992 651 1036 omne
666 982 795 1036 restrum
813 992 879 1037 oum
894 975 967 1054 ipsis
988 974 1117 1037 dominis
1133 976 1213 1039 iutu-

222 1070 318 1122 7rum
332 1068 385 1124 est.
416 1062 447 1122 in
459 1061 536 1121 hane
550 1065 610 1123 tant
625 1059 753 1138 opimam
770 1059 953 1129 mercedem,
970 1060 1048 1138 agite
1069 1059 1140 1123 dum
1157 1060 1213 1122 diis

223 1143 328 1206 ehene
340 1138 506 1208 iurantibus
520 1160 602 1204 arma
618 1144 723 1221 eapite.
752 1144 823 1205 satis
836 1142 933 1205 adhue
946 1143 978 1203 in
993 1144 1082 1205 rastis
1098 1144 1215 1206 Lusita·

249 1230 315 1291 niae
331 1227 564 1307 Celtiberiaeque
585 1225 735 1287 montibus
748 1243 857 1306 peoora
877 1226 1077 1291 consectando
1096 1226 1214 1291 nullutn

249 1312 481 1375 emolumentum
496 1318 540 1372 tot
561 1308 697 1372 initorum
713 1309 974 1390 periculorumque
987 1318 1155 1375 vestrorum
1170 1313 1214 1372 ri·

221 1395 346 1460 enisus:
365 1405 480 1476 tempus
493 1396 605 1457 estium
616 1394 754 1474 opulenta
765 1411 816 1455 vos
827 1412 861 1455 ae
873 1394 944 1456 ditia
954 1393 1101 1474 stipendia
1112 1395 1213 1456 faeere

249 1488 279 1541 et
296 1497 402 1559 magna
425 1496 533 1558 operae
553 1478 649 1557 pretia
668 1479 792 1549 mereri,
815 1485 927 1541 tanturn
948 1478 1061 1540 itineris
1088 1496 1143 1557 per
1169 1486 1214 1540 tot

208 1568 240 1622 ιο
251 1571 367 1625 montes
393 1562 572 1641 lumineque
594 1566 622 1622 et
646 1568 691 1622 tot
711 1568 837 1623 armatae
865 1569 967 1640 gentes
987 1579 1131 1628 emensos.
1161 1562 1212 1624 hio

248 1645 331 1707 vobis
346 1645 506 1707 terminum
519 1644 655 1707 laborum
675 1644 791 1706 fortuna
813 1644 908 1714 dedit;
931 1645 981 1706 hie
996 1644 1116 1723 dignam
1129 1664 1210 1707 mer·

248 1726 352 1790 cedem
368 1728 498 1790 emeritis
513 1727 668 1807 stipendiis
682 1727 794 1790 dabit.“

208 1818 237 1870 tl
312 1811 394 1884 „Nee
416 1829 503 1892 quam
518 1813 617 1890 magni
633 1813 762 1873 nonunis
780 1811 890 1875 bellurn
907 1819 965 1883 est,
985 1820 1044 1874 tarn
1060 1810 1209 1874 difficilem

249 1896 447 1959 existimaritis
467 1897 619 1959 victoriam
641 1896 721 1956 iore:
743 1903 882 1975 saepest
907 1903 1094 1975 contemptus
1115 1895 1210 1957 hostis

248 1987 404 2042 cruentum
420 1987 570 2042 certamen
584 1979 676 2041 edidit
693 1986 722 2039 et
736 1978 830 2040 inoliti
851 1978 953 2059 populi
975 1996 1121 2060 regesque
1140 1998 1209 2060 per·

208 2071 239 2124 12
248 2060 305 2126 leri
325 2071 475 2128 momento
494 2065 563 2126 rieti
586 2070 663 2125 sunt.
700 2080 768 2123 narn
792 2063 912 2141 dempto
933 2061 992 2125 hoo
1011 2081 1073 2127 uno
1092 2062 1210 2142 ludgere

247 2150 375 2212 nominis
390 2148 515 2211 Romani
529 2147 600 2227 quid
614 2154 674 2218 est,
696 2164 749 2207 eur
770 2143 812 2207 illi
832 2145 913 2207 robis
935 2146 1118 2226 conparandi
1132 2148 1209 2208 sinti

207 2240 280 2295 tout
294 2234 397 2313 viginti
412 2250 557 2295 annorum
571 2229 705 2293 militiam
718 2237 846 2291 restrum
860 2248 928 2292 eum
942 2228 992 2291 iila
1002 2231 1123 2301 virtute,
1140 2249 1209 2294 oum

247 2316 296 2378 ilia
309 2317 428 2379 fortuna
443 2323 570 2386 taceam,
586 2314 622 2376 uh
636 2312 771 2376 Herculis
786 2312 947 2384 columnis,
963 2312 1000 2375 ab
1013 2313 1132 2377 Oceano
1147 2321 1208 2375 ter·

247 2401 392 2481 minisque
406 2398 517 2461 ultimis
534 2407 680 2459 terrarum
701 2414 757 2477 per
773 2404 815 2459 tot
834 2398 1033 2464 ferocissimos
1049 2397 1208 2477 Hispaniae

207 2492 238 2541 14
249 2490 278 2542 et
299 2483 410 2545 Galliae
429 2481 553 2562 populos
576 2483 727 2544 vincentes
748 2479 807 2542 huc
829 2482 1019 2561 pervenistis;
1039 2480 1207 2561 pupnaldtis

248 2581 316 2624 eum
330 2566 460 2627 exercitu
475 2567 587 2635 tirone,
608 2566 664 2625 hae
679 2565 742 2643 ipsa
761 2571 871 2627 aestate
887 2583 972 2626 caeso
988 2565 1063 2626 vieto
1079 2566 1207 2625 cneum·

247 2664 328 2708 sesso
343 2665 359 2708 a
375 2645 478 2717 Gallis,
496 2649 597 2725 ignoto
611 2646 707 2708 adhue
722 2647 789 2709 duci
803 2667 856 2710 suo
867 2649 1071 2728 ignorantique
1086 2646 1203 2711 ducem.

206 2739 237 2791 lo
250 2747 288 2791 an
300 2731 397 2792 mein
415 2730 567 2809 praetorio
585 2731 694 2809 patris,
715 2729 871 2793 clarissimi
889 2731 1089 2812 imperatorin
1107 2747 1206 2811 prope

246 2821 362 2888 netum,
379 2821 461 2876 eerte
478 2813 630 2886 eductum,
653 2814 828 2877 domitorem
849 2816 1007 2895 iiispeniae
1028 2813 1204 2894 Galliaeque

246 2901 388 2962 victorem
402 2898 529 2962 eundem
544 2917 604 2961 non
614 2897 787 2979 Alpinarum
800 2899 888 2961 modo
904 2897 1051 2978 ¹gentium,
1066 2898 1119 2960 sed
1128 2899 1203 2978 ipsa·

246 3001 329 3055 rum,
350 2982 429 3064 quod
443 2983 535 3046 multo
553 2984 648 3045 maius
669 2991 728 3053 est,
743 2981 874 3062 Alpium,
896 3001 964 3045 eum
978 2983 1136 3047 semenstri
1148 2981 1205 3043 hoo

209 3074 240 3127 to
250 3067 401 3129 conferam
412 3066 500 3138 duee,
516 3065 667 3129 desertore
679 3068 825 3128 exereitus
835 3068 897 3129 suli
926 3067 974 3128 oui
987 3068 1013 3129 si
1027 3067 1093 3147 quis
1104 3065 1204 3147 temp

246 3152 285 3212 tis
299 3152 391 3230 signis
412 3151 528 3212 Poenos
546 3151 754 3230 Romanosque
775 3150 863 3213 hodie
881 3150 1032 3222 ostendat,
1054 3151 1204 3230 ignoratu-

207 3241 237 3293 tr
248 3253 314 3296 rum
328 3242 442 3297 eertum
456 3234 568 3308 habeo,
589 3236 685 3298 utrius
703 3235 849 3297 exereitus
867 3236 905 3298 sit
924 3233 1036 3299 consil
1073 3252 1134 3297 non
1149 3251 1204 3313 ego

247 3316 319 3379 illud
330 3318 412 3398 perti
427 3321 564 3393 aestimo,
579 3317 702 3390 milites,
715 3319 793 3399 quod
807 3336 896 3382 neruo
907 3326 951 3382 eet
961 3325 1105 3389 restrum,
1123 3318 1204 3379 euius

249 3418 308 3462 non
323 3409 391 3463 ante
406 3402 507 3467 oeulos
523 3406 585 3483 ipse
600 3420 689 3482 saepe
703 3402 829 3464 militare
843 3402 959 3484 aliquod
975 3401 1119 3465 ediderim
1134 3400 1205 3462 laei-

248 3498 318 3551 nus,
340 3486 388 3544 eui
410 3501 470 3545 non
490 3486 569 3550 idem
589 3505 644 3566 ego
662 3488 776 3548 virtutis
790 3494 937 3567 spectator
953 3504 988 3549 ac
1006 3487 1090 3560 testis
1104 3492 1205 3546 notata
