2575 4067
335 256 430 299 arans
446 257 477 301 x.
494 254 562 298 oar.
574 242 617 298 30.
633 243 676 298 31.
695 236 736 317 [1.
752 237 863 320 (1291]
1022 244 1082 306 181

124 414 242 468 rentum
272 422 289 465 1
313 401 460 481 Paelignis
487 411 547 473 est;
574 421 611 465 ex
637 403 756 466 milibus
782 406 911 485 quinque
938 405 975 467 ad
1003 405 1083 470 milla

125 490 212 552 eaesi.

186 571 293 650 llagna
307 572 370 631 elus
385 568 458 640 diei,
475 588 534 651 quo
545 571 577 632 ln
588 570 734 633 Sentinati
746 589 820 651 agro
833 570 989 646 bellatum.
1006 575 1107 638 iamai

126 664 170 718 est
187 656 273 719 etiam
296 671 366 715 vero
387 655 490 723 stantl;
513 653 566 715 sed
590 657 779 733 superiecere
803 656 922 738 quidam
948 657 1083 736 augendo

124 741 228 810 iidem,
251 738 302 819 qui
324 738 356 798 in
379 736 509 799 bostium
530 739 662 799 exercitu
676 737 808 817 peditum
823 739 943 803 deciam
958 746 1111 804 centenae

124 823 213 894 milia,
228 823 359 902 equitum
371 836 424 882 sex
435 820 666 901 etquadraginta
677 820 766 894 milia,
782 822 863 885 mille
874 832 1083 906 carpentorum

124 909 273 987 scripsere
286 904 391 974 iuuisse,
412 901 525 965 seilleei
547 920 614 965 eum
628 904 748 968 Umbris
766 906 942 989 'l'useisque¹
962 926 1037 988 quos
1053 914 1109 972 eto

124 993 206 1072 ipsos
219 1006 335 1069 pugnae
349 985 493 1058 adinisse3
509 995 540 1049 et
552 995 586 1049 ut
596 989 798 1052 Romanorum
808 1009 925 1073 quoque
940 1000 1084 1073 augerent

126 1075 240 1153 copias,
255 1072 288 1133 L.
299 1070 485 1134 Volumnium
497 1089 552 1152 pro
565 1071 686 1135 consule
702 1072 807 1135 ducem
817 1074 987 1138 oonsulibus
998 1093 1082 1138 exer·

126 1158 281 1303 iltuit
290 1153 935 1322 11110111111111111
948 1158 1110 1305 lili'

124 1323 254 1386 lumnlus
269 1324 301 1385 ln
313 1322 433 1385 Samnio
443 1324 564 1386 interim
577 1341 627 1386 res
641 1326 732 1403 gerit,
752 1325 984 1407 Samnitiumque
999 1344 1082 1388 exer·

126 1409 217 1471 eitum
230 1407 262 1484 in
276 1405 433 1469 Fiiernum
445 1415 577 1469 montem
592 1407 766 1489 conpulsum
780 1426 841 1471 non
856 1409 1013 1473 deterritus
1027 1410 1083 1472 ini·

125 1493 235 1572 quitata
252 1489 311 1552 loci
325 1488 424 1552 iundlt
435 1490 583 1571 fugatque.

189 1574 224 1648 Q.
237 1573 345 1636 Fabius
350 1574 479 1636 Deciano
490 1575 622 1636 exercitu
631 1575 735 1638 relieto
747 1578 779 1637 in
790 1576 925 1638 Etruriae
935 1574 1111 1657 praesidloe

126 1660 187 1723 suls
207 1656 372 1736 legionibus
392 1656 525 1719 deductis
543 1657 581 1721 ad
602 1657 709 1721 urbem
732 1659 769 1721 de
784 1659 875 1722 Gallis
894 1659 1083 1740 litrusoisque

127 1760 162 1805 ae
177 1740 357 1804 Samnitibus
376 1741 576 1822 triumpharit.
612 1742 723 1805 milites
741 1744 973 1824 triumphantem
990 1745 1084 1806 secuti

127 1833 205 1888 sumt.
244 1822 391 1887 celebrata
421 1825 580 1891 ineonditis
600 1826 782 1889 carminibus
820 1826 997 1889 militaribus
1021 1836 1109 1890 nona

126 1910 220 1989 magis
235 1909 355 1970 victoria
369 1908 404 1982 Q.
418 1907 504 1971 Fabii
520 1928 608 1990 quam
622 1928 705 1971 mors
719 1908 872 1989 praeclara
884 1911 918 1972 P.
934 1909 1015 1971 Desii
1030 1918 1082 1982 eet,

128 1994 309 2074 excitataque
327 1993 471 2054 memoria
486 1994 617 2072 parentis
632 2001 756 2073 aequata
770 2000 876 2054 eventu
887 1991 1005 2072 publico
1022 1995 1083 2074 pri·

126 2084 252 2157 ratoque
267 2075 310 2137 iili
325 2074 468 2138 laudibus.
496 2075 563 2136 data
580 2094 616 2137 ex
627 2076 738 2156 praeda
753 2074 895 2137 militibus
909 2077 986 2136 aeris
1000 2083 1080 2136 ueto·
1095 2083 1127 2134 iu

127 2162 197 2239 geni
211 2160 275 2223 bini
288 2177 416 2240 sagaque
433 2167 463 2220 et
473 2160 607 2229 tunicae,
630 2158 762 2238 praemia
775 2158 826 2219 illa
842 2164 1014 2237 tempestate
1029 2159 1083 2218 mi·

126 2243 206 2305 litiae
220 2243 445 2324 haudquaquam
456 2243 633 2323 spernenda.

189 2327 291 2389 xxxi.
317 2326 370 2388 llis
389 2326 431 2387 ita
450 2324 541 2388 rebus
561 2327 652 2406 gestis
674 2342 730 2386 nec
749 2326 782 2386 in
796 2323 976 2386 Samnitibus
989 2323 1113 2385 adbucl

127 2428 184 2472 nee
197 2412 229 2472 in
243 2411 362 2473 Etruria
375 2428 433 2490 pax
448 2416 525 2472 erat:
546 2428 614 2472 nam
631 2417 661 2471 et
670 2409 822 2472 Perusinis
836 2407 1006 2471 auctoribus
1019 2416 1086 2488 post

128 2493 286 2557 deductum
301 2493 338 2555 ab
350 2493 471 2556 consule
482 2496 644 2557 exereitum
655 2490 830 2555 rebellatum
842 2492 945 2564 iuerat,
961 2499 991 2554 et
1002 2490 1114 2554 Sam-2

127 2579 204 2641 nites
222 2577 398 2660 praedatum
423 2579 455 2640 in
481 2595 586 2657 agrum
607 2577 765 2639 Vescinum
786 2577 1035 2657 Formianumque
1055 2586 1086 2638 et

127 2671 211 2744 parte
226 2663 282 2727 alla
305 2664 336 2724 in
356 2662 550 2724 besernInum
566 2678 699 2743 quaeque
713 2660 857 2723 Vulturno
875 2660 1010 2723 adiacent
1030 2659 1085 2722 llu-

127 2748 200 2808 mini
216 2744 406 2807 descendere.
434 2745 573 2808 adversus
587 2763 637 2807 eos
657 2746 711 2824 dp.
727 2743 865 2807 Claudius
882 2752 1003 2825 praetor
1018 2749 1114 2807 eumd

127 2828 259 2891 exercitu
281 2826 409 2888 liaciano
431 2831 548 2895 missus.
587 2826 697 2888 Fabius
722 2829 754 2887 ln
779 2828 899 2889 Etruria
924 2826 1086 2888 rebellante
1108 2858 1112 2867 ·
1189 2873 1193 2876 .

128 2912 226 2972 denuo
242 2915 381 2988 quattuor
401 2911 481 2973 milia
502 2919 533 2973 et
551 2911 728 2991 quingentos
741 2910 953 2972 PerusInorum
968 2907 1085 2976 oeeidit,

127 2994 209 3074 oepit
219 2990 257 3053 ad
271 2989 352 3051 mllle
362 2993 562 3073 septingentos
576 2992 784 3074 quadraginta,
800 2993 852 3073 qui
865 2991 1012 3069 redempti
1026 2992 1116 3051 sin-4

128 3076 190 3158 guli
210 3075 290 3137 aeris
311 3077 453 3136 trecentis
473 3077 592 3147 deeem;
615 3077 726 3157 praeda
750 3075 806 3137 alia
828 3075 925 3136 omnis
944 3071 1086 3135 militibus

130 3176 280 3224 concessa.
313 3158 488 3221 Samnitium
505 3158 650 3235 legiones.
666 3179 734 3222 eum
747 3167 863 3240 partem
878 3157 932 3237 dp.
950 3155 1116 3219 Claudiusb

129 3254 262 3327 praetor,
281 3249 397 3324 partem
413 3243 446 3305 L.
463 3240 634 3304 Volumnius
651 3262 706 3323 pro
723 3242 844 3304 consule
858 3247 1040 3321 sequeretur,
1056 3242 1088 3301 in

129 3347 233 3408 agrum
254 3326 404 3391 Stellatem
432 3334 643 3388 convenerunt
686 3325 729 3388 lbi
750 3335 780 3386 et
797 3326 971 3387 Samnitium
986 3342 1089 3386 omnes

131 3412 287 3494 considunt
308 3421 338 3473 et
365 3413 476 3491 Appius
504 3410 732 3491 Volumniusque
768 3418 863 3471 castra
896 3409 1087 3487 coniungunt.

130 3503 291 3576 pugnatum
307 3494 506 3558 infestissimis
520 3495 640 3567 animis,
657 3494 727 3555 hine
745 3495 789 3556 lra
802 3491 971 3556 stimulante
985 3492 1117 3555 adver-e
