2575 4067
231 186 293 247 224
419 196 511 240 uranu
524 197 588 240 m.
605 196 674 240 oar.
689 184 733 238 24.
745 185 789 240 ut.
805 174 845 257 [a.
860 200 891 239 u.
907 175 1010 258 11361

232 363 298 406 cum
312 344 349 404 ils
364 342 452 413 velle,
477 353 506 404 et
522 341 568 404 rel
583 341 626 403 1111
638 343 761 421 propius
775 341 922 404 lliberrim
937 342 1152 418 accederent,
1177 344 1233 406 vei

231 445 265 489 se
277 427 475 488 Ruscinonem
489 444 713 507 processurum,
736 433 769 487 ut
783 445 819 487 ex
832 429 999 507 propinquo
1014 442 1231 504 congressus

204 509 346 572 llacilior
357 516 448 571 esset:
465 527 533 571 nam
544 517 575 570 et
588 516 778 589 accepturum
796 527 846 571 eos
861 512 893 570 in
904 518 999 571 castra
1012 526 1069 570 'sua
1089 528 1130 570 se
1149 510 1228 573 lae·

231 602 307 665 tum,
324 611 379 654 nec
394 600 566 655 cunctanter
579 611 611 655 se
624 594 721 672 ipsum
736 593 772 654 ad
788 610 838 654 eos
850 603 1013 655 tenturum.
1042 594 1226 672 hospitem

232 678 310 739 enlm
332 695 364 737 se
387 675 511 748 Galliae,
532 694 591 737 non
612 676 727 736 hostem
749 676 918 746 aduenisse,
940 694 996 737 nec
1018 676 1226 739 'stricturum

203 769 299 823 tante
310 759 447 838 gladium,
462 761 487 821 si
501 778 556 840 per
570 757 668 821 Gallos
679 757 773 829 liceat,
789 777 877 839 quam
887 761 919 820 in
929 759 1043 820 ltaliam
1054 762 1220 823 venissen

232 850 261 906 et
274 862 328 924 per
343 845 461 905 nuntios
476 843 594 923 quidem
610 842 699 903 haec:
731 850 763 904 ut
782 861 852 904 uero
866 842 962 922 reguli
977 842 1138 904 Gallorum
1160 863 1219 906 ca·

232 930 301 990 stris
307 926 344 988 ad
355 926 501 988 Iliberrim
509 925 655 1005 externplo
663 928 751 988 motis
762 926 840 988 haud
852 927 1050 1006 gravanterad
1057 927 1216 989 Poenum

232 1017 389 1080 uenerunt,
413 1012 491 1090 eapti
502 1010 586 1070 donis
601 1026 668 1069 cum
682 1008 760 1071 bona
779 1028 853 1088 pace
868 1011 1029 1071 exercitum
1050 1028 1110 1088 per
1134 1013 1216 1072 liaris

232 1113 301 1157 suos
316 1101 435 1173 praeter
448 1094 648 1156 Ruscinonem
663 1093 803 1172 oppidum
819 1094 1055 1155 transmiserunt.

208 1185 219 1238 1
295 1177 380 1239 XXV.
416 1177 450 1238 ln
471 1175 582 1238 ltaliam
603 1177 722 1236 interim
743 1175 816 1236 nihil
838 1177 914 1238 ultra
935 1195 1023 1255 quam
1049 1176 1209 1240 Iliberum

233 1262 373 1324 transisse
387 1258 581 1322 llannibalem
599 1277 616 1320 a
630 1258 854 1320 Massiliensium
868 1259 971 1337 legatis
984 1259 1112 1320 Romam
1129 1278 1210 1338 per·

205 1345 323 1407 elatum
339 1352 417 1414 erat,
434 1363 514 1415 cum,
536 1342 660 1423 perinde
675 1360 709 1402 ac
726 1344 752 1404 si
765 1341 845 1421 Alpis
860 1345 919 1403 iarn
934 1344 1103 1412 transisset,
1131 1345 1207 1406 boii
1283 1388 1284 1401 ,

233 1428 396 1492 sollicitatis
410 1424 583 1488 Insubribus
603 1424 789 1497 defecerunt,
814 1444 869 1487 nec
891 1434 951 1486 tam
964 1425 1003 1486 ob
1026 1434 1146 1487 ueteres
1168 1430 1206 1488 in

233 1509 374 1592 populum
389 1510 554 1571 Romanurn
571 1511 645 1584 iras,
668 1527 756 1588 quam
774 1508 853 1588 quod
870 1509 968 1588 nuper
980 1510 1061 1570 circa
1081 1511 1202 1571 Padum

234 1593 414 1655 Placentiam
441 1592 676 1672 Cremonamque
701 1591 831 1653 colonias
856 1593 888 1652 in
915 1609 1019 1669 agrum
1048 1592 1198 1654 Gallicum

206 1676 375 1736 ddeductas
388 1692 476 1753 aegre
490 1674 686 1753 patiebantur.
715 1678 812 1755 itaque
828 1676 917 1736 armis
932 1683 1056 1754 repente
1067 1679 1199 1756 arreptis

234 1761 266 1819 ln
283 1775 351 1819 eurn
373 1758 469 1837 ipsum
485 1775 589 1835 agrum
604 1759 717 1838 impetu
731 1759 808 1819 lacto
823 1766 937 1820 tantum
953 1761 1078 1819 terroris
1093 1777 1128 1820 ac
1149 1768 1196 1821 tu·

234 1840 343 1903 multus
356 1840 504 1911 lecerunt,
522 1848 554 1902 ut
569 1858 630 1901 non
639 1844 762 1919 agrestis
774 1842 862 1903 modo
879 1841 1053 1913 multitudo,
1070 1842 1123 1903 sed
1137 1845 1196 1924 ipsi

235 1925 378 1987 triumviri
395 1925 533 1996 Romani,
558 1927 609 2005 qui
629 1924 666 1985 ad
688 1943 791 2003 agrum
806 1934 948 1986 venerant
968 1925 1192 2004 adsignandum,

234 2008 320 2069 dildsi
337 2007 502 2070 Placentiae
523 2007 677 2071 moenibus
691 2009 833 2070 llutinam
853 2009 1056 2086 confugerint,
1080 2011 1111 2071 C.
1136 2011 1191 2071 Lu-

208 2094 320 2155 dtatius
336 2092 366 2155 C.
384 2092 522 2154 Servilius
535 2092 574 2152 bl.
588 2092 710 2152 Annius.
742 2093 838 2153 Lutati
851 2109 960 2151 nomen
979 2092 1058 2153 baud
1072 2092 1193 2154 dubium

234 2185 293 2248 est;
310 2195 365 2257 pro
386 2177 481 2237 rlnnio
505 2174 687 2253 Servilioque
707 2174 755 2236 bl'.
777 2175 901 2237 Acilium
923 2183 952 2235 et
967 2174 998 2236 C.
1009 2175 1191 2236 Herennium

234 2260 344 2322 babent
367 2259 485 2339 quidam
508 2257 641 2330 annales,
666 2257 715 2320 alii
733 2259 766 2319 P.
783 2256 950 2320 Cornelium
971 2257 1091 2319 Asinam
1116 2266 1144 2320 et
1160 2260 1188 2321 C.
1283 2260 1284 2353 1

205 2344 382 2424 sraprrrum
398 2344 557 2404 Masonem.
594 2342 625 2402 id
640 2359 756 2422 quoque
774 2341 895 2402 dubium
912 2347 970 2410 est,
991 2340 1080 2418 legati
1093 2341 1129 2402 ad
1140 2361 1187 2402 ex·
1283 2358 1284 2366 ¹

233 2425 440 2506 postulandum
457 2427 539 2487 missi
554 2425 590 2486 ad
606 2426 694 2486 Boios
714 2424 812 2486 violati
828 2427 901 2494 sint,
924 2425 1009 2484 arrln
1025 2425 1184 2484 triumviros

205 2516 336 2586 tagram
351 2510 488 2569 metantIs
509 2510 635 2588 impetus
655 2509 694 2569 sit
711 2509 814 2569 lactus.
844 2508 973 2568 blutinae
989 2525 1053 2569 cum
1073 2505 1182 2566 obside·

234 2599 351 2659 rentur,
375 2599 404 2650 et
430 2609 502 2668 gens
522 2590 558 2652 ad
579 2591 842 2669 oppugnandarum
862 2590 980 2651 urbium
1001 2597 1074 2650 artes
1093 2588 1180 2658 rudis,

234 2672 393 2752 pigerrima
408 2672 511 2733 eadem
533 2672 570 2733 ad
585 2672 721 2733 militaria
737 2693 842 2754 opera,
864 2676 963 2751 segnis
983 2671 1092 2733 intactis
1107 2669 1178 2731 adsi·

208 2756 320 2816 tderet
333 2756 439 2828 muris,
458 2755 590 2818 simulari
605 2764 741 2836 coeptum
757 2758 793 2818 de
808 2775 880 2836 pace
895 2759 956 2836 agi;
973 2756 1132 2835 evocatique
1145 2754 1178 2816 ab

235 2837 385 2904 Gallorum
397 2839 580 2921 principibus
595 2839 684 2919 legati
702 2841 738 2903 ad
755 2840 943 2920 conloquium
958 2858 1019 2900 non
1029 2846 1128 2901 contra
1140 2841 1181 2900 ius

235 2926 323 2988 modo
339 2927 487 3005 gentium,
507 2925 559 2986 sed
577 2923 682 2986 violata
697 2926 798 2995 etiam,
811 2942 885 3003 quae
903 2922 970 2984 data
984 2924 1016 2983 in
1030 2922 1062 2984 id
1075 2931 1181 3002 tempus

235 3018 313 3082 erat,
337 3009 394 3071 fide
409 3009 704 3088 conprehendantur,
723 3006 897 3085 negantibus
913 3006 1015 3077 Gallis,
1041 3007 1096 3066 nisi
1110 3006 1180 3066 obsi-

207 3094 285 3156 ttdes
300 3093 356 3154 sibi
367 3094 575 3162 redderentur,
592 3109 641 3152 eos
654 3091 834 3154 dimissuros.
868 3108 936 3151 cum
950 3090 1024 3151 haec
1037 3089 1071 3150 de
1086 3089 1178 3166 legalis

236 3179 367 3239 nuntiata
380 3183 491 3248 essent,
510 3182 539 3236 et
549 3175 660 3236 blutina
672 3175 907 3256 praesidiumque
917 3174 948 3234 in
961 3171 1092 3252 periculo
1102 3182 1178 3244 esset,

235 3262 266 3322 L.
283 3258 407 3321 Manlius
427 3266 547 3339 praetor
567 3259 611 3319 ira
626 3277 767 3322 accensus
782 3258 905 3320 effusum
927 3274 1033 3335 agmen
1056 3256 1091 3319 ad
1104 3256 1178 3317 bluti-

206 3351 301 3406 unam
317 3342 406 3405 duoit.
438 3342 527 3405 siluae
543 3350 612 3404 tunc
624 3345 703 3405 circa
715 3345 791 3404 riam
805 3350 890 3405 erant
903 3339 1053 3420 plerisque
1065 3338 1177 3400 incultis.

234 3425 276 3486 lbi
289 3424 474 3506 inexplorato
491 3426 642 3507 proiectus
657 3428 687 3487 in
703 3427 824 3505 insidias
840 3424 1066 3507 praecipitatur,
1086 3421 1176 3484 multa·
