2575 4067
249 258 310 323 330
414 270 507 313 emsa
522 270 612 312 xxm.
631 269 699 314 cae.
715 255 813 308 1213.
831 245 870 328 [a.
886 270 916 309 u.
936 269 962 309 c.
975 244 1039 329 aaa]

222 427 239 479 o
312 417 479 480 Secundum
495 419 569 480 haec
584 418 661 479 dicta
676 417 807 496 Magonis
822 414 905 476 laetis
922 413 1057 476 omuibus
1070 413 1219 487 Himilco,
1282 437 1283 442 ¹

248 503 292 563 vir
311 502 446 563 factionis
470 502 628 572 Barcinae,
655 500 751 561 locum
773 500 925 561 Hannonis
945 499 1121 579 increpandi
1151 518 1219 561 esse

248 593 343 653 ratus,
364 586 463 666 „quid
478 594 537 656 est,
559 585 710 646 Hannoi“
733 585 829 664 inquit
849 585 1059 654 „etiamnunc
1076 584 1218 661 paenitet

222 677 238 726 '1
251 668 320 731 belli
334 672 464 749 suscepti
478 669 616 730 adversus
630 668 797 730 Romanos?
819 666 888 728 lube
908 666 977 727 dedi
1000 665 1215 737 Hannibalem,

248 762 312 814 reta
327 755 358 815 iu
373 761 434 815 tam
448 754 599 832 prosperis
619 751 710 814 rebus
731 759 829 830 grates
844 750 907 812 deis
924 749 1134 811 inmortalibus
1155 752 1215 829 agi.

248 837 398 901 audiamus
405 837 569 898 Romanum
577 844 745 898 senatorem
756 834 1081 913 inCartbaglnlensium
1095 836 1205 895 curia.⁴

221 929 310 984 atum
327 921 447 982 Hanno:
464 968 482 992 „
489 922 647 983 tacuissem
658 920 762 991 hodie,
776 927 876 1000 patres
891 920 1064 997 conscripti,
1082 935 1120 978 ne
1138 918 1212 998 quid

247 1007 278 1066 iu
293 1006 443 1067 communi
454 1005 584 1066 omnium
599 1004 720 1083 gaudio,
736 1005 834 1066 minus
850 1002 960 1064 lactum
971 1000 1052 1083 quod
1063 1011 1146 1063 esset
1162 1020 1213 1062 vo·

218 1088 307 1161 abis,
338 1087 491 1169 loquerer:
525 1105 604 1150 nuno
622 1088 818 1167 intorroganti
848 1088 993 1157 senatori,
1020 1087 1211 1165 paeniteatne

248 1172 343 1235 adbuc
357 1176 485 1253 suscepti
506 1171 645 1234 adversus
665 1172 812 1234 Romanos
834 1170 919 1242 belli,
938 1172 970 1233 si
984 1170 1143 1242 reticeam,
1161 1177 1210 1232 aut

246 1256 392 1337 superbus
404 1265 452 1319 aut
463 1256 607 1319 obnoxius
622 1256 730 1327 ridear,
746 1273 872 1336 quorum
884 1253 1010 1318 alterum
1022 1261 1066 1316 est
1075 1254 1208 1315 hominis

206 1347 239 1400 io
249 1341 362 1402 alienae
376 1339 519 1402 libertatis
530 1339 621 1411 obliti,
638 1339 762 1402 alterum
775 1358 854 1401 suae.
880 1338 1097 1419 respondeam“
1110 1340 1209 1419 iuquit

247 1473 265 1498 „
273 1424 443 1498 Himilconi,
460 1443 519 1486 non
537 1424 647 1487 (lesisse
668 1426 819 1504 paenitere
832 1442 880 1485 me
901 1422 971 1485 bebi
985 1440 1081 1503 neque
1096 1422 1207 1484 desitu-

247 1528 312 1570 mm
327 1515 395 1570 ante
409 1510 549 1570 invictum
571 1516 700 1569 vestrum
719 1510 928 1588 imperatorem
943 1508 1092 1577 incusare,
1116 1524 1205 1586 quam

247 1593 361 1654 finitum
387 1591 481 1671 aliqua
505 1591 652 1653 tolerabili
674 1592 847 1654 condicione
872 1590 982 1653 bellum
1002 1591 1118 1659 videro;
1151 1607 1205 1650 nec

246 1675 318 1737 mihi
333 1677 414 1755 pacis
432 1676 567 1754 antiquae
583 1675 761 1737 desiderium
773 1675 831 1737 ulla
846 1674 901 1737 alia
913 1693 961 1737 res
978 1693 1064 1756 quam
1081 1692 1139 1753 pax
1154 1693 1205 1735 no·

206 1766 234 1816 11
250 1776 283 1818 va
295 1759 384 1818 liniet.
413 1760 512 1837 itaque
528 1760 598 1828 ista,
616 1778 691 1840 quae
703 1759 791 1821 modo
802 1760 887 1838 Mago
900 1761 1030 1830 iactavit,
1046 1756 1204 1820 Himilconi

247 1841 410 1920 ceterisque
421 1841 593 1903 Hannibalis
608 1843 780 1905 satellitibus
790 1844 848 1905 iam
859 1842 934 1905 laeta
951 1850 1032 1904 sunt:
1048 1842 1121 1902 mibi
1136 1860 1202 1922 pos·

246 1933 313 1986 sunt
329 1923 404 1986 laeta
426 1944 504 1998 csse,
530 1929 667 2007 quiores
690 1926 768 1988 bello
792 1927 869 1988 bene
892 1934 1006 2005 gestae,
1029 1927 1054 1986 si
1070 1925 1198 1987 volumu

205 2016 236 2067 12
247 2008 365 2071 fortuna
381 2011 432 2081 uti,
450 2027 552 2089 pacem
569 2010 654 2072 nobis
666 2012 836 2091 aequiorem
849 2009 969 2073 dabunt.
998 2028 1066 2072 nom
1078 2011 1104 2071 si
1118 2028 1202 2089 prae·

245 2094 434 2156 termittimus
454 2095 511 2157 hoc
529 2103 661 2174 tempus,
683 2111 740 2175 quo
761 2096 854 2173 magis
876 2095 947 2156 dare
963 2112 1050 2176 quam
1068 2094 1202 2172 accipere

244 2196 401 2257 possumus
420 2178 513 2240 videri
533 2197 651 2258 pacem,
679 2195 784 2239 vercor
803 2196 842 2239 ne
863 2179 937 2242 haec
958 2196 1074 2259 quoque
1092 2176 1202 2238 laetitia

203 2267 235 2321 13
247 2262 375 2324 luxuriet
393 2261 478 2323 nobis
493 2281 527 2323 ac
542 2280 614 2324 vana
630 2262 741 2323 evadat.
778 2281 852 2343 quac
872 2269 970 2325 tamen
992 2279 1071 2322 nunc
1086 2278 1202 2341 quoque

244 2345 338 2425 qualis
361 2346 424 2406 cst?
460 2346 555 2408 occidi
582 2347 727 2407 exercitus
749 2346 878 2408 bostium
898 2380 940 2391 —
964 2347 1070 2407 mittite
1095 2343 1202 2407 milites

203 2429 325 2491 ttmihi.
361 2428 432 2509 quid
455 2428 533 2491 aliud
551 2447 688 2508 rogares,
712 2431 737 2490 sl
756 2448 835 2494 esses
855 2431 965 2491 victus?
986 2430 1115 2490 hostium
1138 2428 1201 2508 cepi

242 2511 312 2574 bina
339 2519 449 2583 castra,
471 2512 599 2592 praedae
619 2512 754 2578 videlicet
774 2513 862 2595 plena
890 2522 920 2575 et
939 2521 1135 2575 commeatum
1165 2544 1199 2558 -

244 2595 423 2656 trumentum
439 2603 468 2656 et
481 2597 635 2676 pecuniam
655 2596 730 2658 date.
763 2597 834 2678 quid
855 2595 947 2669 aliud,
963 2599 988 2659 si
1003 2594 1164 2678 spoliatus,
1178 2595 1201 2656 si

201 2684 234 2735 15
246 2685 349 2737 exutus
363 2680 467 2737 castris
484 2696 578 2750 esses,
600 2680 735 2757 peteres?
756 2690 838 2742 etue
855 2682 953 2742 omnia
974 2682 1038 2761 ipsc
1051 2681 1144 2742 miror
1161 2714 1201 2729 -

243 2760 315 2821 mibi
331 2777 447 2839 quoque
463 2762 556 2832 enim,
574 2763 867 2844 quoniam-respondi
879 2764 1052 2836 Himilconi,
1074 2765 1199 2825 interro·
1280 2807 1281 2818 ,

243 2861 313 2923 gare
324 2845 370 2904 ius
385 2842 487 2922 fasque
498 2852 543 2906 est
553 2879 604 2917 -,
620 2845 707 2907 velim
723 2866 775 2910 seu
785 2848 909 2909 Himilco
921 2867 973 2911 seu
984 2849 1199 2927 llagorcspon·

242 2927 324 3000 (leat,
340 2945 407 2989 cum
420 2929 455 2989 ad
468 2930 702 2991 internecionem
713 2931 838 2993 Romani
855 2934 973 3011 imperii
987 2938 1150 3012 pugnatum
1165 2928 1199 2992 ad

242 3012 357 3074 Cannas
381 3013 432 3083 sit,
456 3021 627 3094 constetque
648 3016 678 3075 iu
700 3015 865 3077 deiectione
889 3023 980 3079 totam
996 3014 1108 3077 ltaliam
1127 3032 1198 3086 esse,

202 3103 234 3157 to
245 3098 388 3175 primum,
407 3099 507 3176 ecquis
521 3098 617 3159 Latini
631 3100 759 3160 nominis
778 3099 904 3180 populus
922 3099 1065 3161 deiecerit
1083 3098 1121 3159 ad
1137 3116 1197 3169 uos,

243 3180 363 3252 deiude,
386 3183 486 3261 ecquis
507 3180 595 3242 homo
617 3200 652 3242 ex
675 3185 804 3263 quinque
825 3191 854 3245 et
876 3184 996 3261 triginta
1014 3180 1148 3244 tribubus
1164 3180 1197 3245 ad
1279 3205 1280 3214 ¹

243 3263 436 3326 Hannibalem
451 3264 659 3343 transfugerit?
668 3275 686 3300 “
705 3285 771 3328 cum
786 3275 943 3348 utrumque
957 3268 1042 3346 Mago
1054 3273 1195 3344 negasset

201 3354 232 3405 17
244 3349 398 3419 „hostium
413 3347 531 3427 pidem
550 3359 648 3428 ergo“
662 3352 758 3432 inquit
773 3351 894 3422 „adbuc
910 3352 997 3412 nimis
1012 3349 1136 3411 multum
1151 3366 1196 3410 su·

242 3441 351 3510 pereat.
392 3430 445 3491 scal
475 3431 630 3495 multitudo
657 3453 691 3497 ca
718 3435 788 3515 quid
813 3436 978 3497 animorum
1007 3434 1113 3516 quidve
1137 3432 1196 3513 spel

218 3511 366 3581 thabeat,
383 3515 459 3574 scire
472 3514 590 3576 velim.⁴‘
622 3518 688 3579 Xlll
727 3520 799 3581 Cum
811 3519 841 3580 id
858 3520 973 3582 nescire
985 3519 1070 3597 ltlago
1087 3516 1197 3578 diceret
