2575 4067
260 225 453 270 manum.
469 224 538 267 cae.
555 212 582 268 9.
598 212 640 268 10.
653 203 693 286 [a.
709 207 743 269 (1.
760 205 822 289 216]
966 215 1026 279 327

61 376 174 439 armati
192 375 337 438 exercitus
349 375 667 450 sustinerenequeunt,
686 391 773 453 quem
788 375 891 437 horret
900 378 1025 457 populus

63 460 231 533 Romanus,
246 468 279 522 tu
293 458 468 522 sustinebis?
488 466 521 519 ut
536 456 592 520 alia
607 455 714 519 auxilia
729 457 840 530 desint,
862 477 911 521 me
927 461 1024 540 ipsum

63 543 157 605 ferire
172 562 280 625 corpus
294 561 393 605 meum
414 549 612 624 opponentem
633 559 689 622 pro
713 559 838 623 corpore
855 542 1026 609 Hannibalis

63 626 241 690 sustinebis?
257 627 336 707 atqui
350 645 405 707 per
416 644 513 689 meum
528 633 631 706 pectus
645 627 790 707 petendus
804 625 854 687 ille
866 625 919 687 tibl
930 635 1052 692 trans-t

63 711 259 792 figendusque
274 719 327 772 est.
355 710 467 772 sedhic
480 719 509 772 te
521 711 666 772 deterreri
680 713 743 772 sine
759 712 856 791 potius
868 729 955 791 quarn
966 711 1025 775 illic

63 796 157 865 vinci,
173 796 289 857 valeant
301 812 406 875 preces
418 794 495 874 apud
513 803 541 856 te
557 811 657 866 meae,
673 797 749 856 sicut
759 812 814 876 pro
829 803 859 858 te
873 794 961 857 hodie
976 815 1024 858 ca·

62 877 214 941 luerunt‘·
242 878 444 942 lacrimantem
455 878 524 939 inde
535 880 670 940 iuvenem
678 896 803 940 cernens
815 878 1052 942 mediocrem-⁹

63 961 205 1043 plectitur
221 971 308 1042 atque
325 960 424 1024 osculo
441 962 568 1024 haerens
582 980 642 1023 non
658 970 726 1025 ante
749 961 889 1042 precibus
905 962 1023 1036 abstitit,

63 1063 154 1125 quam
169 1046 305 1125 pervicit,
333 1054 365 1107 ut
379 1045 507 1126 gladium
529 1056 654 1127 poneret
677 1046 824 1128 fidemque
846 1046 929 1110 daret
950 1047 1025 1109 nibil

63 1128 212 1190 iacturum
227 1128 294 1192 tale.
326 1137 387 1192 tum
402 1131 516 1192 iuvenis
534 1148 616 1210 „ego
632 1130 751 1212 quidem
760 1138 779 1164 “
798 1132 893 1211 iuquit
906 1152 1021 1213 „quam
1034 1138 1066 1192 to

62 1213 178 1291 patriae
190 1211 284 1275 debeo
293 1214 441 1294 pietatem,
455 1213 600 1277 exsolvam
611 1216 698 1296 patri.
727 1222 808 1277 tuam
821 1213 905 1276 doleo
918 1218 1019 1288 ricem,
1034 1222 1062 1276 11
1149 1278 1154 1286 ,

62 1297 112 1358 cul
135 1304 181 1358 ter
201 1296 335 1377 proditae
349 1299 461 1378 patriae
480 1299 683 1380 sustinendum
709 1309 754 1361 est
771 1300 898 1370 crimen,
921 1299 1021 1372 semel,

62 1398 132 1443 cum
160 1380 333 1442 delectionis
358 1380 394 1443 ab
419 1382 575 1456 Romanis,
604 1384 726 1455 iterum,
755 1401 822 1445 cum
850 1384 932 1463 pacis
956 1401 1023 1446 cum

65 1461 228 1532 Hannibale
250 1464 332 1527 fuisti
349 1472 465 1537 auctor,
488 1468 576 1529 tertio
604 1468 707 1540 bodie,
735 1486 803 1529 cum
824 1469 1022 1531 restituendae

63 1547 203 1609 Romanis
211 1549 325 1628 Capuae
341 1566 423 1610 mora
435 1557 521 1630 atque
535 1550 780 1631 impedimentum
792 1570 834 1615 es.
862 1560 902 1624 tu,
917 1553 1021 1632 patria,
1032 1558 1064 1612 ta

61 1630 190 1704 terrum,
209 1650 266 1712 quo
280 1640 375 1713 prote
390 1642 520 1696 armatus
533 1634 611 1697 hanc
622 1652 721 1697 arcem
732 1636 860 1698 bostium
871 1637 932 1707 inii,
949 1654 1021 1715 quo·

61 1715 141 1776 ulam
159 1734 267 1795 parens
281 1724 449 1797 extorquet,
469 1719 600 1798 recipe.‘⁴
628 1719 703 1781 haec
721 1737 787 1782 cum
804 1719 940 1790 dirisset,
958 1718 1020 1798 gla-

62 1797 144 1859 dium
167 1801 196 1859 iu
217 1798 369 1880 publicum
389 1809 471 1863 trans
491 1803 649 1864 maceriam
670 1802 750 1864 horti
771 1801 877 1865 abiecit
897 1812 941 1875 et,
964 1821 1022 1883 quo

61 1882 160 1943 minus
176 1901 225 1945 res
239 1892 374 1964 suspecta
393 1892 488 1954 esset,
512 1901 543 1945 se
560 1885 623 1963 ipse
639 1887 771 1946 convivio
788 1887 925 1948 reddidit.

122 1966 157 2028 X.
189 1967 312 2029 Postero
328 1967 374 2029 die
389 1974 508 2029 senatus
522 1965 661 2046 frequens
676 1967 760 2028 datus
774 1967 939 2030 Hannibali.
969 1968 1045 2030 ubil

63 2052 160 2130 prima
177 2052 239 2112 eius
259 2052 353 2114 oratio
373 2050 534 2130 perblanda
549 2067 583 2111 ac
600 2048 729 2128 benigna
750 2051 819 2121 luit,
841 2069 898 2130 qua
913 2053 1021 2130 gratias

61 2137 121 2212 egit
141 2135 310 2215 Campanis,
337 2134 416 2214 quod
436 2135 593 2196 amicitiam
611 2151 696 2195 suam
717 2133 867 2196 Romanae
888 2135 1021 2196 societati

60 2220 315 2298 praeposuissent,
333 2226 363 2279 et
376 2220 454 2278 inter
466 2226 564 2279 cetera
578 2217 732 2295 magnilica
747 2218 893 2297 promissa
905 2214 1047 2295 pollici-t

60 2309 107 2361 tus
123 2301 257 2363 estbrent
271 2307 359 2382 caput
372 2300 471 2364 ltaliae
487 2302 567 2364 omni
578 2301 706 2380 Capuam
718 2300 798 2371 iore,
814 2301 937 2380 iuraque
951 2298 1021 2360 iude

62 2403 128 2446 cum
145 2387 251 2447 ceteris
260 2385 377 2466 populis
388 2385 553 2447 Romanum
561 2385 649 2447 etiam
659 2385 832 2466 petiturum.
853 2400 945 2446 uuum
957 2388 1048 2444 esset

62 2478 208 2530 exsortem
223 2469 352 2532 Punicae
368 2469 511 2530 amicitiae
522 2468 709 2548 foederisque
723 2485 823 2529 secum
836 2467 914 2538 tacu,
932 2485 1020 2546 quem

62 2566 157 2633 neque
170 2570 234 2614 esse
246 2553 425 2635 Campanum
438 2569 533 2632 neque
545 2551 602 2613 dici
615 2550 733 2622 debere,
748 2551 875 2631 Magium
887 2551 1017 2613 Decium.

62 2653 129 2697 eum
145 2635 310 2717 posttdare,
324 2645 357 2699 ut
370 2635 427 2698 sibi
443 2636 581 2709 dedatur,
599 2653 633 2697 ac
648 2654 680 2697 se
693 2644 849 2715 praesente
866 2635 902 2697 de
918 2653 952 2697 eo
970 2653 1017 2696 re·

60 2719 173 2780 feratur
188 2729 364 2800 senatusque
382 2719 547 2783 consultum
562 2722 621 2783 flat.
650 2737 753 2781 omnes
773 2720 804 2781 in
823 2738 888 2782 eam
899 2725 1046 2782 senten-t

62 2803 132 2861 tiam
145 2802 258 2874 ierunt,
275 2822 451 2884 quamquam
468 2821 592 2882 maguae
612 2804 690 2881 parti
710 2811 739 2864 et
759 2804 802 2864 uir
823 2803 962 2881 indignus
985 2820 1020 2864 ea

63 2880 225 2945 calamitate
241 2892 270 2946 et
283 2886 362 2947 baud
376 2904 467 2966 parvo
481 2887 565 2947 initio
585 2886 678 2948 minui
699 2884 853 2945 videbatur
869 2888 915 2945 ius
929 2883 1018 2944 llber-

63 2966 138 3028 tatis.
169 2985 305 3046 egressus
321 2971 442 3031 curiain
455 2967 566 3049 templo
577 2968 780 3047 magistratum
792 2965 933 3038 consedit,
950 2971 1048 3027 con-t

61 3051 264 3132 prehendique
283 3052 406 3114 Decium
419 3052 547 3132 Magium
561 3061 647 3132 atque
662 3050 834 3132 antepedes
850 3050 1019 3112 destitutum

63 3153 180 3198 causam
197 3134 297 3198 dicere
311 3137 404 3197 iussit.
433 3138 483 3217 qui
502 3155 567 3198 cum
583 3142 721 3198 manente
735 3135 847 3197 ferocia
863 3135 952 3196 antini
968 3137 1048 3194 net

63 3229 145 3299 garet
165 3219 232 3300 lege
253 3219 381 3281 foederis
401 3220 431 3281 id
449 3220 512 3299 cogi
532 3238 633 3301 posse,
655 3227 719 3283 tum
744 3220 871 3281 iniectae
888 3223 1016 3288 catenae,

64 3302 187 3386 ducique
203 3311 270 3365 ante
292 3302 424 3365 lictorem
449 3305 478 3365 in
501 3313 596 3366 castra
611 3311 656 3366 est
675 3304 781 3365 iussus.
812 3299 908 3383 quoad
924 3301 1042 3379 capitet

63 3396 163 3466 aperto
175 3397 219 3451 est
230 3387 349 3460 ductus,
367 3387 620 3450 contionabundus
630 3388 751 3449 incessit
762 3386 799 3448 ad
811 3383 1018 3448 circumfusam

65 3471 189 3554 undique
217 3471 433 3533 multitudinem
462 3473 639 3534 vociferans:
669 3470 807 3541 „habetis
841 3468 1016 3534 lberutem
