2575 4067
241 250 334 293 amun
349 249 438 293 mu.
458 248 528 292 ona.
543 236 584 289 36.
600 237 645 290 37.
662 228 703 310 [a.
721 230 755 291 O.
771 227 834 311 2th
956 232 1015 297 357

50 398 126 463 bale
139 406 275 461 metuens
306 399 357 477 qui
371 414 459 477 super
471 397 600 475 Gapuam
615 397 645 456 ln
657 396 759 457 Tifatis
770 395 897 458 babebat
911 402 1016 458 casua.

51 502 114 545 uec
134 500 204 543 eum
217 480 339 561 provida
355 481 446 541 luturi
461 479 563 541 lelelllt
578 480 694 559 opinlo:
710 496 778 540 nam
792 479 879 540 slmul
890 480 1046 559 Capuamt

51 586 91 629 ea
109 565 212 627 clades
229 572 274 625 est
288 565 436 633 nuntiata,
458 573 540 625 ratus
554 561 700 625 Hannibal
722 562 759 623 ab
780 580 814 623 re
838 561 915 624 bene
937 571 1018 642 gesta

48 649 224 712 insolenter
238 646 347 709 laetum
363 647 524 709 exercitum
538 649 669 709 tironum
687 664 794 725 magua
807 664 843 707 ex
856 654 941 726 parte
956 664 1018 707 ser·

49 749 224 808 eorumque
235 730 409 811 spoliantem
420 732 511 793 victos
521 730 704 811 praedasque
716 737 852 809 agentem
863 730 900 790 ad
911 730 1019 791 Hamas

50 835 85 879 se
103 819 315 886 inventurum,
331 815 451 875 citatum
465 831 572 893 agmen
586 821 705 894 practer
716 814 845 893 Capuam
860 814 951 894 rapit,
967 811 1046 874 oba

50 902 184 979 viosque
196 916 232 958 ex
246 898 315 977 luga
327 898 542 977 Campanorum
553 898 620 959 dato
637 897 785 977 praesidio
799 898 928 978 Capuam
942 896 1018 968 duci,

48 984 177 1046 saucios
193 980 335 1043 vehiculis
350 982 463 1061 portari
482 981 572 1044 iubet.
607 983 672 1059 ipse
688 982 788 1043 llamls
802 999 892 1042 vacua
907 980 944 1042 ab
965 980 1047 1041 ho·4

48 1066 154 1130 subus
170 1072 265 1126 castra
279 1081 335 1125 nec
350 1066 505 1145 quicquam
519 1072 638 1145 praeter
648 1065 777 1126 recentis
790 1065 910 1143 vestigia
923 1064 1019 1126 caedis

48 1158 212 1228 strataque
223 1149 334 1227 passim
345 1165 470 1228 corpora
481 1150 630 1210 sociorum
641 1149 762 1210 invenlt.
789 1157 924 1210 auctores
936 1154 1047 1208 erantt

51 1232 197 1315 quidam,
218 1239 251 1293 ut
270 1233 405 1311 protinus
420 1232 490 1293 inde
511 1233 617 1294 Cumas
639 1232 762 1293 duceret
782 1231 946 1311 urbemque
966 1249 1018 1310 op·

51 1321 219 1398 pugnaret.
249 1315 279 1376 id
298 1333 475 1395 quamquam
489 1315 568 1377 haud
582 1316 699 1377 modice
709 1314 856 1377 Hannibal
871 1313 1016 1394 cupiebat,
1030 1320 1048 1373 o

52 1409 101 1472 nt,
119 1399 192 1480 quia
204 1397 357 1478 Neapolim
369 1417 428 1460 uon
442 1407 592 1479 potuerat,
610 1400 717 1462 Cumas
728 1398 831 1462 saltem
842 1399 1018 1460 maritimam

53 1484 165 1545 urbem
189 1481 326 1553 baberet,
350 1489 464 1553 nmen,
486 1485 554 1564 quia
574 1490 695 1566 praeter
715 1501 797 1546 arma
822 1481 898 1544 nibll
918 1499 1018 1544 secum

52 1566 143 1628 miles
159 1567 266 1644 raptim
284 1571 349 1628 acto
367 1567 483 1643 agmine
498 1566 654 1639 extulerat,
676 1575 758 1629 retro
772 1568 803 1628 ln
819 1575 913 1629 castra
930 1573 1019 1646 super

53 1649 153 1711 Tilata
164 1667 199 1709 se
212 1650 334 1728 recepit.
362 1649 433 1710 inde
446 1649 582 1729 fatigatus
596 1651 812 1731 Campanorum
822 1648 961 1730 precibus
971 1655 1046 1709 sot

52 1734 160 1813 quenti
182 1730 229 1792 die
244 1750 312 1792 cum
327 1734 409 1792 omni
423 1743 564 1811 apparatu
579 1734 792 1814 oppugnandae
814 1734 897 1795 urbis
912 1734 1018 1796 Cumas

51 1816 147 1887 redit,
168 1813 426 1896 perpopulatoque
441 1832 511 1891 agro
526 1818 656 1878 Cumano
673 1817 753 1878 mllle
773 1835 877 1897 passus
892 1817 928 1879 ab
942 1815 1018 1877 urbe

51 1908 151 1962 castra
171 1898 268 1967 locat,
293 1915 360 1959 cum
375 1897 525 1959 Gracchus
539 1900 631 1975 magis
646 1900 823 1961 verecundia
844 1902 877 1960 in
899 1899 950 1961 tall
966 1904 1047 1960 nott

51 1986 197 2045 cessitate
216 1981 370 2042 deserendi
387 1981 483 2042 socios
496 1981 672 2061 inplorantis
693 1981 781 2043 iidem
801 2000 884 2043 suam
901 1981 1016 2062 popull·
1037 2049 1040 2056 ,

51 2086 111 2147 que
126 2067 259 2129 Romani
275 2065 451 2126 substitisset
467 2084 555 2144 quam
574 2066 644 2126 satis
665 2064 759 2126 fidens
775 2065 925 2126 exercitui.
964 2069 1046 2125 nect

52 2150 128 2212 alter
144 2147 254 2212 consul
269 2148 393 2219 Fabius,
415 2151 465 2228 qui
480 2149 516 2210 ad
528 2148 610 2211 Cales
628 2157 723 2210 castra
738 2147 879 2220 babebat,
901 2146 1017 2209 Voltur·

53 2251 128 2295 uum
138 2235 255 2297 numen
264 2233 419 2294 traducere
431 2233 556 2294 audebat
566 2235 736 2304 exercitum,
750 2238 908 2312 occupatus
918 2232 1015 2311 primo
1027 2235 1059 2288 lo

55 2319 198 2397 aruspiciis
213 2315 395 2395 repetendis,
417 2316 485 2377 dein
501 2317 657 2396 prodigiis,
683 2334 757 2397 quae
772 2314 827 2377 alla
848 2332 938 2394 super
960 2312 1016 2376 alla

56 2402 288 2471 nuntiabantur,
308 2401 494 2480 expiantique
510 2419 543 2461 ea
557 2400 634 2462 lraud
651 2399 737 2461 lacile
753 2398 831 2460 litari
845 2400 1016 2478 haruspices

56 2482 290 2564 respondebant.

121 2568 262 2629 xxxvii.
292 2568 352 2629 Eae
367 2585 472 2629 causae
486 2585 552 2628 cum
567 2566 690 2630 Fabium
702 2575 854 2637 tenerent,
877 2566 1015 2648 Sempro·
1030 2571 1041 2621 1

58 2652 125 2712 nius
140 2653 172 2712 in
186 2649 338 2713 obsidione
351 2660 427 2722 erat,
444 2659 474 2713 et
488 2651 544 2713 iam
556 2650 694 2731 operibus
706 2650 938 2733 oppugnabatur.
967 2651 1045 2713 adt

57 2752 162 2796 versus
178 2734 306 2811 ligneam
322 2737 473 2814 ingentem
497 2736 643 2797 admotam
659 2736 726 2797 urbl
750 2734 836 2798 aliam
852 2743 965 2798 turrem
981 2753 1017 2795 ex

57 2819 123 2897 lpso
139 2833 228 2877 muro
243 2820 378 2878 excitavit
398 2817 502 2879 consul
517 2819 680 2887 Romanus,
703 2818 851 2896 aliquanto
872 2818 1016 2886 altiorem,

59 2904 129 2980 quia
144 2917 232 2961 muro
247 2901 315 2960 satis
336 2919 391 2980 per
411 2919 442 2961 se
465 2898 523 2959 alto
539 2898 678 2959 subiectis
695 2899 798 2960 validis
822 2898 941 2959 sublicis
961 2916 1016 2977 pro

59 2984 123 3046 solo
141 3000 213 3045 usus
231 2994 302 3044 erat.
339 2983 408 3043 inde
427 2984 556 3063 primurn
573 2982 650 3042 saxis
670 2981 849 3062 sudibusque
864 2991 894 3044 et
910 2983 1043 3043 ceterist

38 3143 41 3148 Α
59 3067 223 3130 missilibus
238 3073 473 3147 propugnatores
487 3065 603 3126 moenia
617 3071 705 3146 atque
721 3064 826 3126 urbem
843 3064 1016 3134 tuebantur;

60 3158 228 3229 postremo,
245 3150 295 3211 ubl
308 3150 508 3231 promovendo
525 3148 691 3210 adiunctam
707 3167 792 3210 muro
806 3148 941 3211 viderunt
954 3156 1017 3209 tur·
1029 3156 1046 3203 4

55 3250 142 3305 rem,
165 3235 277 3296 lacibus
294 3234 464 3296 ardentibus
479 3219 639 3313 plurimum
656 3232 742 3296 simul
761 3235 861 3312 ignem
883 3234 1017 3295 coniece-

61 3324 142 3377 runt.
180 3337 237 3398 quo
253 3319 389 3379 incendio
404 3317 519 3398 trepida
534 3323 713 3379 armatorum
731 3316 886 3378 multitudo
902 3334 969 3378 cum
981 3314 1017 3377 de
1028 3321 1051 3373 o

63 3405 146 3459 turre
160 3418 225 3464 sese
242 3403 461 3482 praecipitaret,
486 3401 601 3480 eruptio
623 3418 658 3461 ex
674 3400 782 3482 oppido
803 3400 890 3462 simul
905 3397 1018 3461 duabus

63 3482 157 3563 partis
171 3488 310 3547 stationes
324 3487 450 3547 bostium
473 3485 547 3547 ludit
568 3484 735 3567 fugavitque
756 3486 787 3546 in
805 3493 914 3556 castra,
937 3493 1019 3546 uteo
