2575 4067
272 279 290 335 4
418 288 511 329 amna
525 286 580 327 vn.
593 285 662 328 oar.
677 227 703 324 2'.
716 229 791 396 lilii
801 262 841 346 [a.
852 286 884 324 n.
899 285 926 324 e.
941 269 1000 323 aot.
1014 260 1077 345 392]

272 454 359 516 quam
375 434 411 495 ab
427 451 498 494 sano
513 432 595 493 initio
613 449 662 491 res
676 432 708 493 in
722 432 799 492 hanc
814 430 862 490 aix
877 428 1024 509 opulentis
1039 433 1139 510 regnis
1158 431 1230 493 tole·

274 518 397 582 rabilem
414 519 558 577 insaniam
572 516 694 576 venerit.

244 621 256 671 1
334 601 383 664 ΠΙ.
404 600 465 662 Nec
479 608 577 661 umen
596 597 735 660 ludorum
750 598 878 677 primum
899 596 1016 657 initium
1036 597 1233 675 procurandIs

273 682 463 764 religionibus
478 684 577 745 datum
592 689 642 744 aut
657 681 800 760 religione
820 680 932 742 animos
947 688 997 740 aut
1011 697 1137 759 corpora
1150 699 1230 740 mor·

241 790 258 838 2
272 769 318 831 bis
333 768 446 838 levavit,
461 769 532 847 quin
547 766 650 837 etiam,
667 784 734 826 cum
749 763 862 825 medios
877 762 955 824 forte
968 762 1054 824 ludos
1070 765 1167 824 circus
1181 764 1233 825 Ti·

272 853 338 915 beri
354 850 509 931 superfuso
529 850 672 928 inrigatus
688 848 863 928 inpedisset‚
884 846 915 907 id
934 864 1004 908 vero
1025 846 1104 908 velut
1122 849 1234 909 aversis

272 939 330 997 iam
348 936 403 996 diis
418 932 701 1013 aspernantibusque
716 932 880 1012 placamIna
894 932 957 991 irae
970 939 1116 992 terrorem
1127 932 1233 1010 ingen·

241 1029 332 1089 atem
349 1019 428 1079 lecit.
463 1019 562 1096 itaque
577 1016 608 1078 C.
625 1017 756 1078 Genucio
771 1016 804 1076 L.
819 1013 943 1076 aemilio
957 1015 1105 1076 Mamerco
1123 1014 1234 1077 iterum

273 1101 442 1165 consulibus
454 1115 520 1162 cum
533 1099 718 1180 piaculorum
728 1100 822 1178 magis
834 1100 1006 1178 conquisitio
1018 1100 1131 1161 animos
1143 1117 1233 1178 quam

272 1204 397 1266 corpora
411 1184 507 1246 morbi
522 1184 691 1255 adiicerent,
703 1184 861 1263 repetitum
877 1201 914 1243 ex
924 1185 1075 1243 seniorum
1088 1185 1233 1251 memoria

273 1271 388 1341 dicitur,
400 1268 598 1348 pestilentiam
610 1266 759 1347 quondam
771 1265 852 1327 claro
867 1265 906 1326 ab
919 1264 1061 1327 dictatore
1075 1267 1132 1327 lixo
1146 1266 1234 1327 seda·

241 1373 257 1420 t
272 1362 341 1415 tam.
365 1370 399 1413 ea
410 1352 554 1430 reilgione
565 1350 709 1412 adductus
720 1357 838 1412 senatus
849 1349 1023 1410 dictatorem
1037 1349 1111 1410 clari
1123 1350 1234 1428 ligendi

273 1454 360 1498 causa
381 1436 439 1496 dici
457 1436 550 1495 iussit.
592 1434 688 1496 dictus
702 1435 735 1495 L.
751 1433 875 1496 Manlius
895 1433 1074 1513 Imperiosus
1092 1434 1126 1494 L.
1143 1434 1233 1496 Pina·

240 1536 257 1588 e
272 1522 349 1580 rium
365 1519 538 1596 magistrum
552 1520 685 1598 equitum
700 1518 783 1578 dixit.
816 1515 865 1577 lex
880 1524 992 1578 retrrsta
1009 1524 1062 1587 est,
1078 1519 1184 1596 priscis
1199 1517 1234 1578 li·

272 1604 343 1663 teris
358 1601 513 1680 verbisque
528 1604 652 1681 scripta,
673 1610 705 1662 ut
724 1603 775 1680 qui
788 1608 908 1680 praetor
922 1602 1065 1662 maximus
1084 1602 1122 1661 sit
1134 1599 1234 1663 idibus

272 1684 497 1764 Septembribus
515 1684 629 1746 clauim
644 1693 766 1765 pangat;
786 1684 843 1744 lixa
862 1684 919 1744 irrit
933 1683 1037 1745 dextro
1051 1684 1137 1747 lateri
1152 1685 1234 1746 aedis

272 1769 348 1830 loris
361 1769 467 1848 ‘optimi
482 1769 617 1837 maximi,
634 1788 671 1829 ex
685 1787 742 1848 qua
755 1776 840 1847 parte
855 1768 1003 1829 Minervae
1018 1768 1162 1847 templum
1180 1776 1232 1830 est

239 1868 257 1920 e
272 1870 339 1913 eum
359 1852 480 1923 clauim,
497 1853 564 1931 quia
578 1865 665 1913 rarae
678 1868 734 1931 per
749 1870 783 1913 ea
797 1858 930 1931 tempora
943 1851 1047 1912 literae
1062 1859 1162 1922 erant,
1180 1871 1232 1914 ne·

238 1952 254 2000 7
271 1943 331 1997 tam
347 1936 463 1996 numeri
477 1949 622 1997 annorum
637 1935 728 1997 fuisse
751 1935 865 2006 ferunt,
887 1953 980 2014 eoque
994 1935 1142 1996 Minervae
1156 1944 1232 1997 tem·

271 2018 320 2098 plo
334 2019 458 2079 dicatam
478 2017 588 2096 legem,
609 2020 676 2098 quia
698 2037 838 2080 numerus
852 2019 1169 2081 Minervaeinventum
1185 2022 1230 2082 sit

273 2101 407 2162 Volsiniis
428 2119 545 2182 quoque
567 2100 664 2164 clavos
680 2102 792 2164 indices
812 2104 930 2163 numeri
946 2120 1091 2164 annorum
1110 2103 1186 2164 linos
1202 2105 1233 2164 in

272 2185 381 2266 templo
396 2185 530 2257 Nortiae,
546 2185 689 2248 Etruscae
702 2186 789 2258 deae,
807 2204 971 2266 conparere
983 2186 1109 2266 diligens
1128 2186 1234 2247 talium

238 2286 255 2335 e
270 2277 527 2332 monumentorum
545 2280 648 2332 auctor
662 2271 778 2332 Cincius
793 2269 943 2331 adfirmat·
973 2271 1110 2331 Horatius
1128 2267 1233 2330 constal

270 2371 304 2414 ea
320 2353 386 2432 lege
399 2352 542 2432 templum
557 2354 631 2416 iovis
651 2357 754 2433 optimi
772 2355 893 2416 maximi
909 2353 1053 2416 dedicarit
1069 2371 1146 2414 anno
1165 2361 1234 2433 post

268 2454 355 2515 reges
368 2444 501 2503 exactos3
523 2436 722 2499 aconsulibus
736 2446 838 2517 postea
853 2438 890 2499 ad
905 2436 1072 2508 dictatores,
1089 2437 1157 2516 quia
1168 2455 1233 2498 ma·

267 2519 314 2580 ius
329 2519 487 2597 imperium
509 2527 585 2590 erat,
608 2519 751 2582 sollemne
765 2521 838 2582 clari
851 2521 961 2600 ligendi
978 2520 1152 2582 translatum
1171 2529 1234 2589 est;

268 2602 437 2662 intermisso
457 2601 563 2663 deinde
579 2622 663 2665 more
678 2604 764 2683 digna
779 2606 867 2667 etiam
883 2623 937 2685 per
953 2624 985 2666 se
999 2606 1059 2666 visa
1073 2622 1137 2671 res,
1161 2621 1233 2683 pro·

237 2695 334 2764 apter
356 2702 443 2764 quam
467 2685 590 2748 dictator
614 2696 775 2751 crearetur.
814 2706 872 2767 qua
894 2688 932 2749 de
952 2706 1040 2750 causa
1063 2695 1181 2749 creatus
1197 2687 1233 2748 L.

267 2765 406 2840 Manlius,
423 2769 548 2848 perinde
562 2789 597 2833 ac
612 2774 656 2832 rei
672 2772 807 2854 publicae
824 2771 971 2850 gerendae
988 2790 1022 2832 ac
1039 2789 1101 2832 non
1115 2770 1232 2832 solven-

268 2850 323 2913 dae
336 2850 480 2931 religione
495 2855 591 2931 gratia
604 2864 721 2917 creatus
736 2862 828 2924 esset,
847 2853 957 2916 bellum
972 2854 1133 2917 Hernicum
1148 2852 1231 2916 adie-

267 2943 350 2996 ctans
365 2934 473 2997 dilectu
488 2937 594 2999 acerbo
608 2939 788 3002 iuventutem
803 2939 927 3015 agitarit,
943 2937 1121 3018 tandemque
1135 2939 1233 2998 omni·

267 3018 322 3082 bus
341 3021 372 3080 in
396 3038 463 3081 eum
483 3020 610 3083 tribunis
627 3023 722 3103 plebis
745 3022 853 3084 coortis
872 3039 926 3083 seu
942 3023 970 3082 ri
985 3039 1037 3084 seu
1052 3022 1229 3083 verecundia

267 3104 361 3164 victus
376 3103 517 3164 dictatrua
536 3104 614 3166 abiit.
889 3123 898 3136 .

237 3191 251 3243 l
327 3188 373 3248 lv.
394 3187 496 3265 Neque
512 3206 547 3248 eo
559 3190 658 3251 minus
669 3192 815 3269 principio
832 3192 1013 3270 insequentis
1029 3192 1099 3250 anni
1111 3190 1145 3260 Q.
1157 3189 1230 3250 Ser·

267 3269 334 3330 vilio
348 3269 439 3332 ihaia
453 3271 484 3331 L.
502 3270 632 3333 Genucio
650 3273 820 3335 consulibus
839 3275 902 3334 dies
915 3273 1023 3335 Manlio
1040 3273 1147 3334 dicitur
1160 3291 1177 3333 a
1189 3273 1228 3334 u.

235 3351 429 3431 ²Pomponio
445 3352 565 3416 uibunc
580 3354 685 3434 plebis.
715 3357 859 3418 acerbitas
873 3358 904 3417 in
921 3356 1030 3419 dilectu
1045 3375 1105 3418 non
1120 3357 1229 3418 damno

266 3435 353 3496 modo
371 3433 487 3507 civium,
499 3439 550 3498 sed
566 3440 654 3501 etiam
668 3439 846 3502 laceratione
860 3458 1020 3519 corporum
1033 3440 1101 3510 iata,
1120 3440 1230 3520 partim

141 3593 144 3598 g
267 3520 354 3595 virgis
369 3520 472 3596 caesis,
492 3522 542 3598 qui
557 3520 594 3581 ad
612 3524 731 3584 nomina
746 3541 807 3584 non
821 3524 1061 3603 respondissent,
1075 3527 1180 3604 partin
1197 3526 1229 3587 in
