2575 4067
232 234 274 299 52
423 246 516 289 urens
530 243 599 290 rur.
617 242 685 288 oar.
702 231 730 287 b.
744 230 773 286 o.
788 221 828 306 [a.
844 245 875 286 u.
890 245 917 285 a.
933 222 997 306 tlt]

234 396 362 467 lerrent,
384 396 511 464 Annius,
529 403 677 473 tamqnam
691 393 785 453 victor
801 391 892 453 armis
906 387 1082 470 Capitolium
1098 392 1195 476 cepis·
1284 415 1285 462 r

202 485 293 550 sset,
315 496 374 540 uon
391 476 504 558 legatus
518 478 583 538 iure
599 476 731 554 gentium
753 481 833 536 tutus
847 472 1032 555 loqueretur:
1051 481 1197 553 „tempus
1284 467 1285 518 l

235 571 323 625 erat‘¹
337 563 446 642 lnquit,
462 561 548 632 „Tite
559 560 649 622 Manli
659 576 768 640 vosque
779 566 879 638 patres
890 558 1058 638 conscripti,
1075 558 1197 619 taudem

233 648 292 709 iam
307 664 358 707 vos
374 645 528 707 uobiscum
541 643 615 705 nihil
629 661 684 724 pro
700 644 826 723 imperio
840 659 942 720 agere,
965 659 1034 702 oum
1048 641 1196 707 florentis·

233 732 340 792 simum
351 730 438 791 deum
452 728 635 808 benignitate
649 744 728 788 nuno
738 727 854 788 Latium
866 726 956 786 armis
967 726 1096 805 virisque
1111 725 1197 787 Sam·

235 813 345 875 nitibus
366 811 444 876 bello
464 814 560 883 viciis,
582 811 720 875 Sidicinis
741 809 955 890 Campanisque
986 811 1087 879 sociis,
1116 826 1197 870 nnnc

235 900 323 960 etiarn
337 897 449 959 Volscis
462 895 607 957 adiunctis
621 895 773 965 videretis,
794 892 925 955 colonias
945 910 1061 973 quoque
1083 900 1197 958 vestrae

204 989 220 1040 4
236 982 373 1043 Latinum
384 981 517 1042 Romano
532 978 706 1061 praetulisse
721 978 890 1057 imperium.
916 977 969 1037 sed
981 977 1120 1056 quoniam
1134 995 1196 1048 ros,

235 1082 329 1144 regno
342 1064 499 1144 impotenti
515 1063 605 1124 linem
620 1068 654 1123 nt
669 1062 832 1141 inponatis,
851 1077 911 1122 nou
929 1060 1067 1121 inducitis
1080 1062 1112 1122 in
1131 1061 1197 1121 ani·

235 1166 331 1218 mum,
353 1164 424 1218 nos,
446 1165 622 1228 quamquam
645 1146 734 1207 armis
751 1161 908 1223 possumus
926 1144 1064 1205 adserere
1079 1144 1197 1206 Latium

234 1233 266 1293 ln
280 1230 462 1303 libertatem,
474 1230 720 1310 consanguinitati
731 1236 829 1289 tamen
843 1228 901 1289 boc
914 1227 1064 1299 dabimus,
1078 1235 1112 1289 ut
1126 1246 1197 1290 nou·

236 1316 367 1377 diciones
387 1316 468 1396 pacis
496 1316 625 1377 ieramus
653 1331 760 1392 aequas
780 1312 929 1392 utrisque,
959 1314 1099 1392 quoniam
1119 1313 1197 1373 vires

203 1404 352 1479 equoque
369 1400 489 1479 aequari
507 1398 562 1459 dlis
576 1395 782 1459 inmortalibus
802 1394 920 1475 placuit.
958 1394 1110 1457 consulem
1125 1395 1197 1457 alte·

236 1501 302 1544 rum
318 1483 425 1552 Roma,
442 1480 567 1543 alterum
585 1499 622 1543 ex
637 1480 721 1540 Latio
736 1480 830 1541 creari
845 1485 976 1559 oportet,
994 1486 1113 1542 senatus
1128 1497 1194 1558 par·

23 1585 30 1588 ⁷
75 1583 182 1601 Ἣ*
199 1594 204 1597 >
236 1573 296 1627 tem
312 1584 346 1627 ae
368 1583 436 1625 uam
449 1583 485 1627 ex
496 1572 620 1644 utraque
633 1569 721 1642 gente
736 1581 815 1633 esse,
831 1580 924 1623 unum
934 1562 1091 1643 populum,
1107 1580 1198 1624 unam

205 1655 222 1709 t
237 1666 301 1710 reru
316 1585 464 1728 publicam
478 1648 558 1718 fleri;
575 1653 604 1709 ct
618 1655 651 1708 ut
661 1648 779 1727 imperii
791 1646 895 1707 eadem
909 1646 994 1708 sedes
1009 1648 1047 1708 sit
1060 1647 1199 1726 idemque

236 1731 373 1793 omnibus
391 1749 515 1803 nomen,
542 1732 681 1812 quoniam
706 1729 743 1791 ab
768 1729 860 1791 altera
883 1738 950 1792 utra
969 1738 1055 1810 parte
1076 1730 1200 1792 concedi

237 1834 358 1877 necesso
373 1823 431 1887 ast,
452 1815 532 1896 quod
547 1816 680 1895 utrisque
695 1812 772 1874 bene
788 1820 898 1883 vertat,
916 1816 955 1875 sit
969 1816 1043 1876 haec
1059 1832 1131 1875 sane
1147 1833 1198 1893 pa·

205 1907 221 1956 7
239 1901 294 1960 tria
310 1899 455 1979 polloret
471 1899 597 1961 liomanl
612 1915 716 1960 omnes
730 1905 902 1959 vocemur.‘¹
931 1898 1010 1960 forte
1026 1899 1066 1959 ita
1080 1898 1197 1969 accidit,

236 1990 268 2044 ut
283 2000 386 2063 parem
401 1982 529 2044 ieroolaa
550 1983 639 2044 buius
660 1988 689 2042 et
702 1981 828 2049 Romani
843 1981 995 2048 consulem
1010 1982 1043 2043 T.
1058 1980 1200 2043 biaulium

237 2066 395 2137 baberent,
413 2068 463 2146 qul
477 2066 551 2131 adeo
566 2084 625 2127 non
640 2065 735 2126 tenuit
746 2065 834 2136 iram,
851 2072 898 2136 ut,
914 2066 939 2128 si
954 2070 1034 2130 unta
1050 2065 1200 2126 dementia

236 2158 336 2231 patres
364 2151 547 2230 conscriptos
568 2151 708 2230 cepisset,
734 2155 767 2209 ut
787 2147 823 2210 ab
847 2147 948 2211 Setino
972 2149 1094 2211 homine
1117 2146 1200 2226 leger

237 2236 419 2315 acciperent,
444 2233 540 2313 gladio
562 2234 692 2296 cinctum
706 2233 737 2293 in
759 2239 894 2294 senatum
908 2240 1063 2295 venturum
1085 2252 1117 2294 se
1136 2251 1201 2294 esse

237 2317 333 2398 palam
349 2318 460 2379 diceret
481 2327 524 2390 et,
542 2333 757 2397 quemcumque
779 2316 809 2376 in
824 2317 905 2377 curia
917 2317 1055 2378 Latinum
1069 2316 1199 2385 vidisset,

204 2406 288 2463 esua
313 2419 401 2462 manu
425 2403 683 2480 interempturum.
720 2406 750 2460 et
770 2416 928 2462 conversus
949 2400 987 2461 ad
1009 2400 1200 2462 simulacrum

238 2484 328 2546 loris:
368 2484 478 2555 ,‚audi‚
499 2483 646 2564 luppiter,
665 2482 740 2543 baec
759 2481 908 2553 scelera,“
930 2485 1041 2564 inquit3
1064 2484 1200 2557 „audita

238 2567 286 2627 lus
300 2562 429 2647 Fasque:
453 2567 627 2646 peregrinos
648 2563 783 2626 consules
805 2574 835 2626 et
855 2569 1048 2646 peregrinum
1063 2578 1201 2632 senatum

236 2652 267 2709 in
299 2656 367 2719 tuo,
400 2649 545 2729 luppiter,
582 2655 725 2727 augurato
753 2649 864 2731 templo
888 2658 990 2731 captus
1023 2655 1087 2731 ipse
1114 2662 1202 2733 atque

205 2739 396 2812 toppressus
418 2735 533 2795 risurus
562 2732 612 2792 esi
644 2731 769 2797 baeolna
789 2732 909 2796 foedera
929 2735 1031 2797 'lullus
1049 2737 1203 2799 Romanus

237 2833 290 2876 rex
308 2833 375 2877 cum
395 2814 528 2887 Albanis,
551 2812 683 2896 patribus
702 2817 823 2888 restris,
843 2818 956 2891 Latini,
978 2821 1052 2881 haec
1071 2819 1104 2882 L.
1127 2819 1203 2881 rar-

195 2900 356 2980 lequinius
384 2898 534 2962 voblscum
569 2907 671 2978 postea
691 2899 778 2961 leclti
812 2917 873 2962 nou
901 2905 1038 2965 venitin
1070 2912 1204 2970 mentem

236 3001 335 3063 pugna
357 2983 434 3064 apud
455 2981 602 3062 Regillum
622 2982 738 3045 lacuml
765 2982 839 3045 adeo
862 2993 891 3047 et
914 2986 1041 3051 cladium
1068 2995 1203 3048 veterum

237 3075 401 3197 vestrprum
430 3073 458 3126 at
493 3066 707 3128 beneficiorum
740 3076 910 3132 nostrorum
941 3089 1013 3151 erga
1040 3089 1091 3133 ros
1117 3071 1203 3133 obliti

238 3151 352 3211 estis.“

213 3239 223 3294 t
301 3234 346 3297 vt.
377 3234 449 3296 Cum
465 3233 593 3296 consulis
609 3254 711 3299 rocem
727 3235 884 3302 subsecuta
900 3247 1020 3319 patrum
1036 3238 1203 3318 indignatio

238 3328 331 3389 esset,
345 3316 480 3397 proditur
490 3321 651 3383 memoriae
666 3319 805 3383 adversus
820 3320 957 3383 crebram
971 3323 1202 3402 inplorationem
1284 3363 1285 3368 κ

238 3402 340 3472 deum,
365 3420 439 3482 quos
454 3409 544 3465 testes
559 3404 713 3467 foederum
729 3407 846 3485 saepius
861 3405 1039 3468 invocabant
1054 3405 1201 3477 consules,
1284 3433 1285 3470 r

237 3503 338 3547 rocem
359 3487 435 3547 Anni
461 3490 627 3567 spernentis
655 3490 775 3550 numina
804 3489 878 3550 loris
900 3487 1026 3552 Romani
1052 3489 1192 3554 auditam.
