2575 4067
302 240 396 285 uranu
410 244 440 285 x.
465 243 533 287 ose.
550 229 594 283 40.
610 230 654 284 41.
670 223 710 306 [e.
729 224 763 289 0.
780 223 841 307 293]
992 230 1052 294 193

89 391 250 473 tripudium
276 392 442 452 nuntiatum
465 389 574 470 populo
591 389 724 452 Romano
746 392 945 473 exercituique
967 409 1051 473 egre·

88 478 169 557 gium
187 476 349 555 auspicium
364 481 440 536 est.“
470 473 691 536 centurionibus
705 474 811 537 deinde
825 477 993 556 imperarit,
1007 479 1051 540 uti
1061 483 1094 539 12

87 558 230 640 pullarios
248 560 327 620 inter
347 559 443 637 prima
461 559 545 637 signa
565 559 789 620 constituerent
826 568 1002 639 promovent
1022 569 1052 623 et

88 643 234 705 Samnites
248 644 347 721 sigum
365 643 530 722 insequitur
545 644 624 704 acies
640 651 744 704 ornata
755 649 940 724 armataque,
953 652 986 705 ut
998 643 1051 705 ho·

86 726 180 788 stibus
195 744 312 806 quoque
323 726 510 805 magnificum
525 725 727 806 spectaculum
749 733 835 788 esset.
876 730 1048 808 priusquam
1061 735 1092 791 la

87 810 199 872 clamor
211 808 363 872 tolleretur
375 818 676 890 concurrereturque.
695 811 803 873 emisso
813 817 927 872 temere
936 811 996 892 pilo
1008 813 1049 872 ic·

87 901 136 956 tus
152 891 295 974 pullarius
309 901 377 955 ante
391 894 475 972 signa
488 892 602 956 cecidit
634 895 713 975 quod
730 894 782 955 uhi
798 894 911 957 consuli
933 897 1050 958 nuntia·

86 984 150 1039 tum
165 984 223 1038 esi:
237 977 304 1048 „dii
318 979 349 1039 in
361 976 474 1056 proelio
485 985 581 1039 sunt“
594 978 705 1058 inquit,
722 976 837 1049 „habet
851 996 978 1059 poenam
995 997 1048 1041 no·

86 1063 169 1123 xium
176 1068 293 1140 capui.“
304 1068 371 1123 ante
378 1059 529 1122 consulem
537 1061 610 1123 haec
617 1061 765 1124 dicentem
773 1079 878 1124 corvus
889 1080 960 1124 voce
969 1063 1047 1124 clara
1060 1068 1091 1122 lt

87 1145 231 1213 occinuit;
256 1161 314 1226 quo
328 1143 423 1207 iaetus
437 1146 560 1225 augurio
577 1145 695 1217 consui,
711 1144 870 1208 adfirmans
889 1164 1049 1227 numquam

86 1228 223 1290 humanis
247 1228 337 1291 rebus
358 1229 451 1308 magis
471 1236 644 1309 praesentes
665 1229 835 1292 interfuisse
856 1229 941 1301 deos,
965 1232 1049 1310 signa

87 1328 194 1373 canere
210 1319 240 1373 et
255 1311 416 1375 clamorem
427 1311 491 1374 toiii
504 1314 598 1374 iussit.

147 1395 221 1458 XLI.
265 1395 415 1457 Proelium
446 1398 634 1459 commissum
664 1404 760 1468 atrox,
799 1405 932 1459 ceterum
960 1396 1073 1475 iongei

87 1478 252 1560 disparibus
278 1481 398 1542 animis:
426 1479 574 1543 Romanos
600 1482 644 1543 ira
667 1499 735 1561 spes
760 1480 849 1543 ardor
877 1481 1047 1543 certaminis

86 1563 185 1625 avidos
205 1562 334 1625 bostium
353 1564 503 1642 sanguinis
528 1566 559 1627 in
581 1563 729 1645 proelium
749 1566 841 1644 rapit:
872 1564 1047 1626 Samnitium

86 1664 223 1725 magnam
244 1654 359 1727 partem
385 1648 545 1709 necessitas
569 1666 602 1710 ac
628 1647 733 1727 religio
758 1649 863 1711 inritos
884 1649 977 1728 magis
998 1666 1046 1710 re·

86 1732 191 1792 sistere
207 1748 295 1810 quam
305 1730 417 1793 inferre
432 1749 560 1811 pugnam
576 1733 665 1812 cogit.
695 1750 751 1795 nec
763 1733 970 1795 sustinuissent
984 1734 1073 1812 pri-2

85 1832 167 1875 mum
186 1813 344 1876 clamorem
364 1821 452 1895 atque
472 1817 614 1896 impetum
629 1816 845 1888 Romanorum,
866 1835 921 1897 per
936 1816 1046 1897 aliquot

84 1899 143 1961 iam
160 1916 253 1959 annos
267 1900 344 1961 vinci
359 1897 487 1969 adsueti,
503 1901 535 1960 ni
551 1901 699 1979 potentior
718 1899 791 1961 aiius
804 1907 900 1962 metus
913 1900 1045 1960 insidens

84 1981 255 2063 pectoribus
270 2002 286 2045 a
301 1983 370 2062 iuga
387 1982 537 2044 retineret.
569 1983 677 2062 quippe
698 1984 729 2044 in
751 1981 844 2043 ocuiis
866 1989 931 2043 erat
950 1985 1074 2045 omnint

84 2064 134 2128 ilie
151 2064 258 2128 occulti
275 2073 394 2146 paratus
415 2068 491 2127 sacri
507 2074 537 2128 et
550 2066 656 2128 armati
672 2064 841 2127 sacerdotes
856 2073 886 2126 et
898 2068 1045 2144 promisca

85 2150 238 2213 bominum
254 2150 460 2230 pecudumque
477 2156 592 2229 strages
606 2155 635 2210 et
658 2166 812 2228 respersae
829 2147 919 2209 fando
942 2147 1043 2209 ocian-

85 2233 182 2314 doque
197 2235 339 2313 sanguine
354 2250 423 2295 arae
438 2241 468 2295 et
487 2233 549 2295 dira
566 2233 714 2295 execratio
735 2250 769 2293 ac
790 2231 894 2294 iuriaie
916 2248 1045 2302 carmen,

85 2315 274 2380 detestandae
290 2317 418 2380 familiae
429 2318 572 2398 stirpique
587 2317 790 2396 conpositum:
808 2317 844 2376 iis
859 2313 983 2376 vinculis
1000 2314 1045 2376 iu·

86 2419 140 2481 gae
156 2399 288 2463 obstricti
302 2401 434 2472 stabant,
450 2403 542 2463 civem
558 2402 652 2479 magis
664 2418 751 2481 mam
765 2400 882 2462 hostem
898 2400 1045 2460 timentes.

84 2488 195 2547 instare
205 2485 355 2548 Romanus
366 2504 383 2548 a
394 2503 488 2548 cornu
498 2494 639 2566 unoque,
653 2484 777 2546 amedia
788 2485 867 2555 acie,
879 2491 910 2544 et
920 2482 1073 2545 caederet

85 2569 208 2632 deorum
223 2570 434 2651 bominumque
449 2570 587 2632 attonitos
600 2576 697 2639 metu;
712 2574 895 2649 repugnatur
906 2569 1044 2647 segniter,

84 2662 117 2715 ui
140 2653 244 2725 abiis,
266 2673 339 2735 quos
362 2657 451 2716 timor
472 2664 638 2717 moraretur
658 2672 674 2716 a
697 2653 775 2733 iuga.
815 2654 874 2715 iam
894 2671 988 2733 prope
1011 2651 1073 2714 adt

84 2738 168 2816 signa
182 2737 287 2798 caedes
308 2746 497 2817 pervenerat,
520 2756 587 2800 cum
611 2756 647 2801 ex
663 2746 831 2800 transverso
851 2737 945 2818 pulvis
966 2735 1045 2798 reiut

85 2820 215 2896 ingentis
241 2823 366 2896 agminis
389 2824 507 2883 incessu
532 2828 630 2884 motus
652 2822 796 2901 apparent.
845 2821 895 2899 Sp.
924 2820 1046 2881 Nautius

84 2936 127 2947 -
146 2899 296 2961 Octavium
313 2902 456 2965 Maecium
474 2906 592 2986 quidam
610 2922 678 2965 eum
699 2903 819 2964 uadunt
833 2935 888 2972 —,
911 2901 969 2961 dux
987 2901 1046 2961 aia·

84 2983 167 3045 ribus
184 2981 368 3055 cohortibus,
392 2995 469 3056 erat;
491 2988 643 3067 pulverem
661 2987 804 3048 maiorem
821 3003 909 3064 quam
924 3002 978 3064 pro
993 2990 1076 3044 nuo

86 3086 168 3130 mero
184 3066 364 3129 excitabant:
380 3068 540 3131 insidentes
550 3071 636 3133 mulis
647 3071 764 3132 calones
778 3067 936 3130 frondosos
947 3085 1050 3138 ramos.

85 3171 139 3232 per
151 3158 261 3214 terram
274 3150 441 3214 trahebant.
473 3170 554 3215 arma
568 3156 709 3232 signaque
722 3173 777 3233 per
791 3151 940 3215 turbidam
951 3150 1047 3213 iucem

85 3237 116 3296 in
132 3238 229 3316 primo
245 3235 440 3317 apparebant;
463 3243 530 3317 post
549 3235 635 3297 altior
652 3238 828 3318 densiorque
849 3234 943 3315 pulvis
965 3237 1046 3314 equi·

87 3328 148 3381 tum
172 3321 302 3401 speciem
332 3321 500 3400 cogentium
525 3337 632 3400 agmen
659 3319 761 3391 dabam
795 3318 956 3400 ieieilitque
986 3329 1072 3380 nont

86 3402 232 3466 Samnites
246 3404 353 3478 modo,
370 3405 422 3467 sed
441 3407 527 3468 etiam
542 3406 705 3476 Romanos,
723 3413 753 3467 et
767 3402 869 3466 consul
885 3404 1048 3466 adfirmavit

87 3504 218 3550 errorem
236 3488 389 3552 clamitans
404 3491 482 3553 inter
502 3492 598 3571 prime
612 3490 711 3570 signa,
733 3491 773 3551 ita
788 3497 822 3551 ut
835 3507 890 3550 vor
907 3491 993 3551 etiam
1010 3488 1045 3550 ad

127 3602 153 3638 s.
171 3603 233 3642 trvt
251 3604 320 3643 raes
340 3607 372 3646 11.
805 3579 844 3642 13
