2575 4067
245 243 305 303 118
403 256 496 297 cisun
512 257 555 296 rx.
571 255 640 297 car.
653 242 700 295 22.
716 242 758 292 23.
777 231 816 315 [a.
832 255 863 294 u.
878 251 903 292 c.
919 239 978 293 439.
993 231 1053 312 440]

243 404 391 483 proelium
413 405 493 473 iniit,
514 422 573 482 qno
596 401 674 463 baud
696 399 784 461 duble
799 412 919 480 superat
936 400 1102 469 Romanum
1123 416 1210 462 recu-

246 497 439 567 peratumque
456 486 523 547 duli
538 504 647 566 corpus
660 486 750 545 mixta
765 502 833 545 cum
848 483 951 546 dolore
962 482 1073 545 laetitia
1083 484 1210 546 uictores

204 577 233 630 11
246 572 277 631 in
291 581 388 631 castra
404 571 550 631 referunt.
581 570 728 630 Samnites
743 568 819 629 duce
833 569 940 629 amisso
957 576 988 628 et
1002 585 1057 647 per
1073 576 1211 646 equestre

245 663 398 715 certamen
412 657 562 734 temptatis
578 653 690 714 viribus
707 654 815 712 omissa
834 650 976 721 Saticula,
1000 669 1088 730 quam
1106 654 1210 731 nequi·
1283 661 1284 694 ³

245 756 333 816 qnam
348 736 468 799 delendi
487 738 645 807 rebantur,
668 736 704 798 ad
719 735 856 797 Plisticae
871 735 1058 797 obsidionem
1074 734 1209 805 redeunt,

244 824 380 900 intraque
401 840 511 902 pancos
532 823 595 883 dies
617 818 745 882 Saticula
766 820 917 881 Romanus
943 837 998 898 per
1019 818 1209 889 deditionem,

244 903 362 966 Plistica
376 924 432 985 per
446 908 504 966 vim
518 906 635 966 Samnis
649 906 771 984 potitur.

218 997 231 1048 1
306 989 408 1050 xxiii.
439 990 549 1051 blutata
563 989 633 1049 iude
647 987 718 1049 belli
734 988 812 1049 sedis
827 997 885 1056 est:
901 988 939 1048 ad
956 989 1061 1050 Soram
1079 990 1209 1050 exSam-

216 1075 293 1135 2nio
313 1073 475 1153 Apuliaque
496 1073 649 1134 traductae
672 1071 813 1151 legiones.
850 1073 924 1135 Sora
946 1073 983 1133 ad
998 1073 1147 1135 Samnites
1159 1072 1209 1134 de·
1285 1107 1286 1136 l

243 1158 357 1219 lecerat
380 1157 545 1219 interiectis
571 1156 684 1219 colonis
704 1156 914 1218 Romanorum.
956 1174 1103 1236 quocum
1127 1159 1210 1237 prior

244 1241 396 1303 Romanus
410 1244 558 1304 exercitus
574 1241 610 1303 ad
625 1240 824 1302 ulciscendam
841 1242 948 1302 civium
962 1258 1068 1301 necem
1082 1258 1209 1321 recupe-

219 1326 429 1405 3randamque
454 1326 599 1388 coloniam
622 1328 737 1404 magnis
758 1324 915 1386 itineribus
941 1326 1156 1404 praevenisset,
1182 1334 1211 1387 et

244 1411 340 1489 sparsi
352 1427 408 1489 per
422 1411 483 1471 rias
498 1409 699 1488 speculatores
713 1409 797 1489 sequi
812 1406 1136 1492 legionesSamnltium
1153 1426 1210 1471 uec

215 1495 302 1554 diam
316 1491 420 1572 procul
436 1493 540 1554 abesse
556 1492 605 1554 alii
619 1511 709 1572 super
720 1492 793 1553 alios
804 1494 991 1574 nuntiarent,
1005 1492 1121 1554 obviam
1134 1494 1208 1554 itum

243 1577 322 1638 hosti
333 1585 421 1655 atque
432 1576 469 1636 ad
480 1575 619 1639 Lautulas
629 1578 751 1656 ancipiti
759 1575 873 1656 proelio
885 1576 1056 1637 dimicatum
1069 1587 1122 1638 est.
1148 1596 1210 1639 uon

244 1660 364 1729 caedes,
388 1677 448 1720 nou
469 1662 537 1740 luga
553 1660 673 1722 alterins
693 1661 801 1740 partie,
821 1660 874 1721 sed
895 1678 954 1721 nox
973 1662 1119 1733 incertos,
1140 1663 1207 1723 victi

216 1745 409 1804 avictoresne
425 1753 537 1815 essent,
555 1744 683 1805 diremit.
713 1746 831 1806 invenio
849 1744 927 1824 apud
944 1743 1088 1823 quosdam
1104 1745 1204 1806 adver·

244 1845 307 1888 sam
328 1846 394 1888 eam
414 1846 543 1907 pugnam
558 1826 700 1890 Romanis
722 1827 825 1899 luisse,
850 1838 938 1908 atque
958 1830 991 1889 in
1012 1846 1047 1889 ea
1066 1829 1206 1891 cecidisse

217 1911 281 1987 oQ.
302 1911 420 1972 Aulium
439 1914 613 1990 magistrum
635 1914 776 1992 equitum.
815 1913 955 1974 suffectus
972 1914 1004 1972 in
1023 1911 1121 1974 locum
1142 1911 1209 1975 buli

244 1995 275 2057 C.
291 1994 399 2057 Fabius
421 1998 562 2075 magister
582 1997 714 2077 equitum
733 2014 801 2058 cum
817 1997 948 2058 exercitu
968 2015 1044 2057 novo
1066 1997 1102 2059 ab
1114 1997 1208 2058 Roma

243 2080 360 2141 advenit
376 2089 406 2141 et
423 2098 478 2160 per
494 2082 674 2161 praemissos
690 2082 811 2142 nuntios
825 2079 959 2141 consulto
977 2081 1135 2152 dictatore,
1156 2080 1208 2142 ubi

243 2164 430 2236 subsisteret,
445 2184 540 2244 quove
554 2174 690 2245 tempore
706 2173 736 2225 et
750 2184 808 2244 qua
822 2183 858 2225 ex
871 2173 958 2244 parte
972 2164 1089 2226 bostem
1101 2164 1207 2244 adgre-

243 2250 379 2320 deretur,
395 2248 525 2311 substitit
539 2248 671 2311 occultus
686 2247 723 2309 ad
740 2250 839 2310 omnia
854 2250 923 2308 satis
939 2247 1098 2326 exploratis
1109 2252 1205 2310 consi·

215 2333 298 2395 iliis,
331 2333 457 2394 dictator
472 2352 539 2394 cnm
554 2352 608 2414 per
623 2332 734 2413 aliquot
745 2331 808 2393 dies
822 2341 890 2412 post
903 2350 1033 2412 pugnam
1045 2335 1206 2395 continuis·

244 2426 290 2479 set
301 2435 370 2478 suos
386 2418 464 2477 iutra
480 2417 587 2498 vallum
603 2416 716 2478 obsessi
730 2417 823 2494 magis
834 2434 923 2495 quam
933 2416 1096 2477 obsidentis
1106 2417 1201 2486 modn

214 2503 359 2579 usignum
376 2511 499 2580 repente
519 2518 636 2579 pugnae
657 2502 812 2580 proposuit
835 2508 879 2570 et,
902 2500 1050 2562 ellicauins
1067 2510 1149 2561 ratus
1170 2499 1208 2562 ad

244 2583 449 2644 accendendos
468 2585 598 2645 virorum
624 2585 745 2645 sortium
767 2586 881 2645 animos
895 2583 1006 2645 mdlam
1029 2583 1098 2645 alibi
1118 2604 1206 2665 quam

242 2668 273 2725 iu
289 2674 384 2725 semet
405 2667 469 2745 ipso
485 2668 621 2747 cuiquam
636 2666 769 2729 relIctam
785 2687 885 2748 spem,
911 2668 948 2729 de
967 2670 1109 2748 magistro
1124 2671 1203 2750 equi-

214 2758 304 2811 9tum
318 2767 453 2829 novoque
467 2752 599 2811 exercitu
618 2750 743 2812 militem
764 2753 868 2813 ederit
895 2761 938 2822 et,
960 2761 1111 2832 umquam
1127 2753 1205 2815 nulla

242 2835 300 2896 nisi
316 2834 347 2893 in
363 2835 518 2913 eruptione
529 2852 598 2915 spes
615 2844 706 2906 essct,
723 2836 847 2905 ‚,locis⁴‘
862 2838 957 2916 inquit
969 2839 1134 2915 „angustis
1150 2839 1206 2898 mi·

242 2919 322 2991 lites,
345 2918 538 2999 deprehensi,
559 2920 616 2981 nisi
631 2938 719 3000 quam
734 2921 855 2980 druria
869 2921 1097 3000 patefecerimus
1118 2923 1205 2992 viam,

199 3011 233 3064 io
244 3003 354 3066 nullam
369 3001 523 3065 babemus.
546 3005 649 3066 stativa
664 3012 765 3064 nostra
776 3004 959 3066 munimento
970 3006 1041 3066 satis
1052 3013 1116 3067 tuta
1126 3015 1205 3077 sunt,

240 3090 293 3151 sed
308 3091 407 3168 inopia
423 3089 526 3149 eadem
541 3088 661 3148 infesta:
678 3105 746 3148 narn
763 3096 793 3148 et
811 3089 890 3150 circa
905 3090 1004 3149 omnia
1019 3088 1205 3161 deiecerunt,

240 3173 320 3234 unde
334 3172 457 3234 subvehi
471 3179 653 3233 commeatus
670 3181 820 3253 poterant,
847 3181 890 3244 et,
910 3174 936 3234 si
957 3173 1090 3235 homines
1103 3175 1206 3236 iurare

200 3265 229 3316 11
244 3257 347 3327 velint,
367 3257 468 3336 iniqua
489 3257 553 3318 loca
573 3266 652 3318 sunt.
688 3258 785 3337 itaque
806 3276 866 3318 non
886 3255 1052 3319 frustrabor
1076 3277 1132 3338 epo
1154 3277 1207 3320 ros

240 3353 336 3401 castra
350 3341 399 3402 bic
410 3339 621 3421 relinquendo,
636 3343 669 3403 in
683 3359 759 3420 qnae
773 3343 882 3402 inlecta
896 3343 1032 3412 victoria,
1050 3344 1128 3403 sicut
1142 3345 1204 3422 pri·

241 3426 317 3483 stino
330 3425 390 3492 die,
402 3442 453 3502 vos
463 3427 623 3505 recipiatis.
651 3429 742 3487 armis
753 3426 950 3496 munimenta,
962 3444 1023 3487 non
1036 3428 1204 3487 munimen·

199 3511 231 3563 12
241 3506 279 3564 tis
304 3524 384 3565 arma
406 3516 469 3566 tnta
494 3526 558 3569 esse
578 3508 696 3571 debent.
733 3518 829 3571 castra
855 3509 984 3571 babeant
1008 3519 1204 3591 repetantque
