2575 4067
293 195 385 255 aissa
400 214 491 255 xxm.
508 214 576 257 ona.
592 205 633 254 22.
651 194 690 275 [s.
706 198 741 259 O.
759 198 820 279 216]
901 209 904 213 ’
974 204 1033 267 341

74 362 239 429 minuerat,
261 359 403 437 quantum
425 360 554 421 consiliis
581 361 717 422 humanis
743 362 862 442 adsequi
887 372 1032 442 poterant,

73 451 175 521 patres
189 441 370 521 explessent,
385 443 503 504 tandem
515 462 547 504 se
562 462 679 524 quoque
694 452 723 504 et
733 443 921 508 solitudinem
934 448 1060 508 curiosa

11 553 14 557 ⁴
74 527 310 605 paucitatemque
327 527 563 604 convenientium
581 528 617 589 ad
639 526 789 607 publicum
815 528 969 590 consilium
985 547 1032 590 re-

73 617 250 687 spexerunt:
269 627 365 688 neque
376 610 455 670 enlm
471 617 539 688 post
548 610 581 671 L.
593 610 751 672 Aemilium
766 618 795 672 et
809 611 841 673 C.
857 609 1058 673 Flaminiumt

73 708 214 752 censores
222 700 341 753 senatus
354 689 447 753 lectus
457 694 567 764 luerat,
587 713 655 755 cum
669 702 784 755 tantum
799 703 969 756 senatorum
983 694 1032 755 ad·

74 792 177 836 versae
190 791 322 854 pugnae,
340 774 377 836 ad
390 775 447 837 boo
461 778 506 837 sui
522 795 670 858 quemque
692 796 776 839 casus
799 796 853 857 per
868 780 1032 857 quinquen·

73 859 158 918 nium
173 857 413 936 absumpsissent.
452 878 519 921 cum
541 859 578 921 de
598 879 633 921 ea
650 879 683 922 re
697 861 735 923 bl.
751 861 891 923 Aemilius
913 870 1059 942 praetort

73 940 218 1002 dictatore
233 949 301 1019 post
322 940 479 1003 Casilinum
499 944 638 1005 amissum
657 944 791 1024 prolecto
810 946 869 1007 iam
891 946 927 1006 ad
950 962 1032 1005 exer·

74 1024 166 1084 citum
181 1023 406 1103 exposcentibus
421 1028 534 1087 cunctis
548 1025 717 1102 rettulisset,
737 1037 798 1089 tum
817 1029 867 1108 Sp.
883 1027 1032 1097 Carvilius,

17 1155 19 1157 .
60 1109 143 1166 'curn
161 1105 248 1183 longa
272 1109 405 1168 oratione
427 1127 488 1171 non
509 1109 603 1172 solum
623 1113 753 1189 inopiam
773 1117 957 1190 mmmmm,
980 1110 1032 1171 sod

73 1191 253 1268 paucitatem
270 1192 357 1251 etiam
374 1193 494 1264 civium,
516 1212 552 1254 ex
570 1193 676 1274 quibus
693 1196 724 1255 in
739 1202 837 1272 patres
853 1194 1031 1274 legerentur,

75 1282 254 1351 conquestus
269 1281 360 1344 esset,
383 1273 520 1355 explendi
538 1287 657 1339 senatus
673 1296 759 1339 causa
776 1287 806 1340 et
826 1277 967 1357 iungendi
984 1286 1060 1337 ana

75 1358 132 1418 tius
153 1356 251 1417 Latini
273 1359 400 1418 nominis
421 1376 487 1422 oum
514 1360 623 1440 populo
645 1361 779 1424 Romano
800 1379 979 1441 magnopere
1000 1378 1033 1420 se

74 1439 199 1502 suadere
214 1439 295 1507 dixit
310 1450 344 1502 ut
357 1459 393 1501 cx
405 1442 528 1519 singulis
542 1443 659 1523 populis
670 1444 842 1506 Latinorum
854 1441 931 1505 binis
947 1460 1031 1503 seua·

75 1522 206 1606 toribus,
221 1525 325 1599 quobus
339 1532 439 1604 patres
450 1525 575 1589 Romani
586 1528 782 1599 censuissent,
799 1529 899 1589 civitas
913 1527 1032 1588 daretur

76 1614 163 1685 atquc
179 1608 210 1666 in
222 1606 444 1670 demortuorum
458 1608 556 1671 locum
570 1611 602 1671 ln
617 1620 753 1673 senatum
767 1610 946 1690 legerentur.
966 1619 1059 1670 eamd
1079 1623 1087 1636 ⁸

76 1692 251 1754 sententiam
265 1691 344 1751 haud
359 1692 546 1771 aequioribus
561 1695 668 1755 animis
683 1713 770 1775 quam
790 1696 923 1775 ipsorum
938 1712 1031 1774 quon·

76 1772 143 1832 darn
168 1773 345 1851 postulatum
365 1774 543 1837 Latinorum
572 1786 672 1856 patres
701 1778 870 1854 audierunt;
909 1786 939 1839 et
965 1786 1059 1838 cuma

74 1856 211 1917 fremitus
230 1856 445 1936 indignantium
465 1866 525 1919 tota
545 1861 625 1920 curia
646 1868 736 1930 essct,
765 1869 794 1922 et
815 1863 972 1941 praecipue
997 1862 1031 1922 T.

77 1937 199 2001 blanllus
220 1957 284 2001 esse
304 1940 391 2001 etiam
415 1958 494 2001 nunc
521 1942 583 2000 eius
606 1943 706 2021 stirpis
729 1943 824 2003 virum
847 1943 972 2013 diceret,
996 1962 1032 2003 ex

78 2040 133 2101 qua
155 2021 302 2102 quondam
324 2025 355 2084 in
371 2022 511 2103 Capitolio
528 2022 629 2085 consul
648 2026 774 2086 ndnatus
792 2033 869 2086 esset
886 2025 1030 2095 Latinum,

78 2123 164 2184 quern
179 2108 210 2166 in
225 2108 307 2167 curia
322 2107 454 2179 vidisset,
478 2125 545 2168 eum
567 2126 619 2169 sua
637 2125 774 2168 manusc
796 2107 1030 2176 interfecturum,
1056 2177 1058 2182 .

78 2188 112 2259 Ο.
130 2188 236 2251 Fabius
247 2189 390 2252 Maximus
405 2209 565 2271 numquam
580 2192 625 2251 rci
639 2190 727 2252 ullIus
744 2190 884 2251 alieniore
898 2198 1061 2269 temporat

79 2274 258 2333 mentionem
271 2273 377 2335 iactam
399 2275 430 2334 iu
452 2283 555 2336 senatu
577 2274 662 2344 dicit,
686 2293 774 2355 quam
790 2277 868 2335 inter
888 2282 948 2335 tam
968 2291 1030 2334 sus·
1066 2320 1072 2329 .

77 2373 184 2434 pensos
210 2358 358 2418 sociorum
384 2359 496 2419 animos
520 2359 721 2438 incertamque
749 2358 837 2419 tidem
861 2358 892 2419 id
924 2365 1030 2427 actum,

78 2439 155 2518 quod
169 2440 290 2521 insuper
304 2438 474 2512 sollicitaret
489 2459 548 2502 eos.
579 2459 643 2502 eam
659 2444 746 2504 unius
764 2442 891 2502 hominis
908 2446 1059 2501 temera-t

79 2524 150 2593 riam
175 2541 276 2585 vocem
298 2522 413 2585 silentio
435 2526 566 2586 omnium
588 2526 815 2603 extinguendam
835 2537 914 2592 esse,
940 2533 984 2594 et,
1008 2525 1033 2584 si

53 2607 58 2616 '
78 2605 147 2684 quid
159 2625 301 2687 umquam
316 2610 417 2670 arcani
433 2610 562 2670 sanctive
579 2608 615 2671 ad
630 2607 776 2671 silendum
792 2610 823 2669 in
839 2610 920 2670 curia
933 2608 1030 2677 suerit,

78 2689 108 2749 id
116 2693 247 2750 omnium
258 2693 384 2753 maxinm
395 2692 562 2772 tegendum,
575 2692 777 2766 occulendum,
791 2692 1030 2760 obliviscendum,

79 2788 133 2848 pro
150 2790 210 2832 non
226 2773 304 2833 dicto
313 2773 481 2836 habendum
494 2794 567 2836 esse.
591 2779 631 2837 ita
643 2780 760 2847 ciusrei,
770 2793 910 2856 oppressa
921 2777 1031 2836 mentio
1091 2801 1094 2806 ·

80 2862 132 2913 est.
163 2854 350 2925 dictatorem,
369 2859 419 2935 qui
434 2874 540 2918 censor
555 2866 622 2918 ante
643 2859 745 2919 luisset
762 2859 1030 2936 vetustissimusque
1043 2863 1074 2913 lo

80 2953 115 2997 ex
131 2936 186 3006 cis,
208 2939 258 3015 qui
279 2938 423 3009 viverent,
449 2941 590 3000 censoriis
608 2948 698 3009 esset,
722 2941 817 2999 creari
837 2938 962 3019 placuit,
985 2940 1034 3017 qui

79 3029 211 3081 senatum
239 3017 365 3098 legeret,
398 3022 545 3099 accirique
571 3023 602 3084 (2.
622 3022 795 3083 Terentium
823 3019 973 3082 consulem
996 3020 1033 3080 ad

80 3104 251 3164 dictatorem
267 3103 422 3166 dicendum
441 3107 599 3166 iusserunt
630 3106 680 3184 qui
703 3124 740 3167 ex
755 3103 859 3183 Apulia
874 3104 977 3165 relicto
991 3102 1032 3163 ibi
1044 3110 1071 3163 tt
1105 3171 1108 3178 ,

80 3187 224 3267 praesidio
242 3206 308 3249 cum
331 3185 444 3266 magnis
463 3187 618 3251 itineribus
637 3187 762 3250 Romam
784 3188 921 3257 redisset,
947 3193 1033 3248 nocte

70 3274 210 3352 *proxima
232 3280 265 3332 ut
285 3290 349 3333 mos
370 3281 445 3343 erat,
469 3271 507 3333 M.
527 3271 647 3334 Fabium
670 3272 833 3333 buteonem
858 3290 894 3332 ex
915 3277 1034 3332 senatus

80 3355 210 3417 consulto
225 3359 288 3416 sine
303 3357 443 3434 magistro
462 3357 592 3435 equitum
608 3356 781 3417 dictatorem
804 3357 835 3416 in
849 3373 901 3417 sex
917 3372 1034 3415 menses

80 3437 156 3500 dixit.
