2575 4067
140 232 143 237 ·
242 207 302 268 138
380 205 676 261 numennumen.
693 196 732 277 [a.
749 220 780 263 u.
797 221 823 261 c.
838 199 1062 281 telam-446]

216 370 335 430 simum
357 367 508 428 cuneatior
527 364 698 428 mobilitatis
714 383 819 436 caum
836 368 960 446 spongia
981 367 1095 447 pectori
1118 375 1201 444 tegu

241 457 387 521 mentum,
403 456 433 511 et
447 451 599 512 sinistrum
614 467 683 511 orus
694 466 782 512 ocrea
793 457 920 521 tectum;
936 449 1038 528 galeae
1055 451 1199 521 cristatae,

241 552 317 616 quae
342 535 471 614 speciem
495 533 690 612 magnitudini
715 550 874 613 corporum
901 533 1058 603 adderent:
1084 535 1202 600 tunicae

242 619 353 681 auratis
369 617 510 682 militibus
527 614 735 689 versicolores,
751 618 910 697 argentatis
925 615 1034 679 linteae
1049 617 1202 681 candidae.

211 711 228 761 a
242 703 288 765 his
296 702 432 764 dextrum
445 720 538 764 cornu
549 700 667 770 datum3
682 699 726 763 illi
739 702 770 763 in
782 701 901 764 sinistro
912 702 1085 763 consuunt
1115 711 1203 763 notus

240 790 300 849 iam
314 787 455 849 Romanis
471 794 625 866 apparatus
639 786 800 864 insignium
815 802 967 848 mutorum
981 783 1092 855 luerat,
1110 784 1203 847 docti·

240 887 298 951 que
315 887 332 930 a
348 869 471 931 ducibus
486 876 573 931 erant
591 867 747 931 horridum
767 867 892 931 militem
910 886 975 931 esse
995 867 1119 939 debere,
1141 887 1202 930 non

241 953 384 1016 caelatum
400 970 472 1015 auro
493 961 523 1015 et
543 960 682 1032 argento,
708 952 762 1015 ssd
785 952 866 1014 ierro
889 959 920 1015 et
944 953 1049 1015 animis
1076 952 1201 1014 fretum:

161 1087 164 1098 .
212 1040 349 1118 Quippe
367 1036 419 1098 illa
428 1037 570 1117 praedam
584 1038 683 1099 verius
694 1054 782 1117 quam
798 1054 881 1099 arma
896 1054 974 1107 esse,
997 1037 1121 1099 nitentia
1136 1043 1203 1097 ante

213 1128 318 1193 orem,
333 1121 478 1183 deformia
490 1123 570 1183 inter
584 1121 758 1199 sanguinem
773 1127 803 1182 ot
818 1119 961 1191 uulnera;
983 1120 1122 1182 virtutem
1139 1137 1203 1181 esse

240 1203 341 1267 militis
355 1205 460 1278 decus,
480 1212 511 1267 et
525 1206 624 1267 omnia
637 1203 687 1267 illa
699 1205 852 1266 rlctoriam
866 1206 967 1283 sequi,
992 1212 1023 1265 et
1036 1202 1127 1265 ditem
1149 1204 1202 1265 ho·

213 1295 316 1350 'istem
333 1290 465 1370 quamvis
484 1288 622 1370 pauperis
640 1288 760 1350 victoris
782 1289 948 1369 proemium
965 1305 1040 1349 esse.
1069 1286 1116 1348 his
1129 1288 1202 1350 Cur·

240 1390 291 1434 sor
310 1372 430 1435 vocibus
450 1374 605 1435 instinctos
623 1372 731 1434 milites
751 1372 783 1433 in
802 1370 950 1452 proelium
974 1370 1063 1434 ducit.
1098 1371 1202 1433 dextro

239 1457 304 1535 ipse
316 1473 411 1518 cornu
423 1458 571 1527 consistit,
585 1457 706 1518 sinistro
720 1455 863 1536 praefecit
872 1458 1046 1534 magistrum
1058 1455 1201 1534 equitum.

213 1537 328 1600 esimul
349 1547 394 1600 est
415 1556 605 1610 concursum,
637 1541 743 1619 ingens
771 1539 826 1601 luit
845 1558 913 1601 cum
933 1540 1018 1601 hoste
1040 1546 1201 1612 certamen,

240 1639 302 1683 non
318 1624 437 1699 segnius
457 1624 536 1685 inter
555 1623 731 1685 dictatorem
752 1630 782 1684 et
800 1624 973 1702 magistrum
996 1624 1142 1703 equitum,
1164 1621 1200 1684 als

213 1710 306 1766 autre
320 1712 405 1783 parte
420 1706 540 1768 victoria
556 1707 710 1786 inciperet.
743 1708 826 1786 prior
841 1707 918 1768 iorte
932 1706 1033 1768 lunius
1045 1707 1201 1768 commorit

240 1787 370 1860 hostem,
390 1787 473 1851 laevo
489 1789 626 1852 dexuum
647 1807 755 1861 cornu,
776 1797 909 1852 sacratos
926 1808 1011 1852 more
1026 1791 1200 1852 Samnitium

240 1868 348 1934 milites
366 1890 460 1954 eoque
481 1872 606 1934 candida
619 1879 699 1934 reste
717 1882 748 1934 et
762 1872 883 1953 paribus
897 1873 1026 1936 madore
1046 1874 1136 1935 armis
1156 1875 1201 1934 in·

240 1955 348 2034 signes.
387 1973 438 2018 eos
462 1975 495 2019 se
517 1955 594 2018 Oreo
614 1963 744 2019 mactare
766 1957 866 2020 lunius
887 1956 1011 2022 dicitans
1032 1975 1100 2019 oum
1123 1958 1203 2019 intu-

241 2037 324 2101 lisset
338 2041 436 2119 signa,
458 2039 586 2103 turbavit
602 2040 723 2104 ordines
738 2048 767 2103 et
780 2040 860 2103 haud
874 2040 962 2104 dubie
975 2039 1083 2121 inpulit
1097 2040 1198 2103 aciem

200 2127 232 2182 10
243 2122 323 2203 quod
351 2123 405 2186 ubi
419 2126 510 2188 sensit
526 2124 665 2187 dictator:
695 2124 757 2196 „ab
775 2124 896 2187 laevone
910 2142 1005 2187 cornu
1019 2125 1199 2188 victoriain

240 2208 330 2288 cipiet
336 2216 355 2242 ‘⁴
365 2208 461 2289 lnquit
472 2255 491 2282 ‚‚
498 2216 528 2271 et
538 2208 675 2271 dextrum
686 2225 795 2280 cornu,
808 2207 959 2271 dictatoris
970 2209 1061 2279 acies,
1075 2207 1201 2270 alienam

239 2309 368 2371 pugnam
380 2300 529 2374 sequetur,
541 2311 601 2355 non
612 2302 728 2372 partem
739 2291 897 2354 maximam
907 2293 1047 2355 victoriae
1059 2292 1200 2354 traiecit

199 2379 229 2432 ll
242 2377 369 2437 concitat
382 2376 505 2446 milites;
520 2394 577 2437 nec
590 2376 722 2456 peditum
735 2376 836 2437 uirtuti
847 2377 960 2456 equites
972 2384 1023 2438 aut
1036 2374 1198 2453 legatorum

199 2460 231 2512 12
242 2458 336 2519 studia
356 2458 480 2522 ducibus
501 2459 617 2522 cedunt.
647 2460 686 2522 ll.
709 2457 841 2522 Valerius
864 2459 1020 2530 adorno,
1042 2459 1078 2521 P.
1093 2458 1202 2522 Decius

241 2539 277 2599 ab
292 2539 374 2602 laevo
390 2559 497 2613 cornu,
518 2542 605 2605 ambo
625 2542 808 2615 consulares,
830 2542 867 2605 sd
882 2545 995 2622 equites
1012 2544 1044 2605 in
1060 2543 1202 2604 cornibus

240 2623 351 2701 positos
365 2625 544 2696 evehuntur,
562 2625 766 2707 adhortathue
783 2645 847 2698 eos,
859 2635 893 2689 ut
906 2634 1021 2707 partem
1034 2644 1136 2689 secum
1152 2644 1201 2688 oa·

241 2714 396 2784 poscerent
412 2706 541 2780 decoris,
555 2710 588 2770 ln
601 2716 768 2772 transversa
782 2709 874 2773 latera
888 2711 1017 2773 hostium
1031 2712 1201 2773 incurrunt

199 2793 231 2847 1³
240 2788 266 2850 is
282 2805 375 2852 nouas
390 2790 504 2854 additus
522 2801 621 2856 terror
640 2811 708 2856 oum
728 2812 765 2856 ex
787 2802 871 2875 parte
894 2802 1019 2875 utruque
1038 2796 1201 2857 circumra-

239 2873 327 2937 slsset
347 2876 455 2949 aciem,
476 2884 507 2939 et
525 2876 563 2939 ad
585 2884 729 2940 terrorem
749 2878 878 2942 hostium
902 2876 1034 2957 legiones
1050 2877 1202 2941 Romanae

239 2958 441 3038 redintegrato
466 2959 596 3024 clamore
623 2961 791 3024 intulissent
816 2960 954 3041 gradum
982 2969 1046 3024 tum
1070 2962 1139 3040 luga
1165 2961 1202 3023 ab

197 3048 230 3101 14
241 3042 422 3106 Samnitibus
437 3054 550 3127 coepte.
580 3045 640 3108 iam
651 3054 750 3126 strage
761 3045 916 3108 hominum
930 3062 1140 3126 armorumque
1156 3046 1202 3104 in·

238 3126 366 3205 signium
382 3129 478 3209 campi
492 3127 611 3209 repleri.
641 3145 676 3189 ac
693 3130 791 3209 primo
806 3129 926 3209 pariles
941 3128 1089 3194 Samnites
1106 3135 1203 3192 castra

238 3226 292 3271 sus
319 3228 476 3293 accepero,
502 3212 611 3274 deinde
629 3230 669 3274 ne
690 3230 725 3275 ea
746 3212 864 3293 quoidem
886 3219 1018 3276 retentn:
1042 3213 1135 3293 captis
1159 3211 1200 3273 ‹ll-

199 3297 230 3349 1⁶
241 3295 392 3375 reptlsque
404 3304 474 3358 ante
490 3306 609 3360 noctem
630 3297 758 3359 inlectus
778 3298 864 3376 ignis.
890 3296 1016 3359 dictator
1032 3314 1070 3357 ex
1083 3304 1203 3357 senatus

239 3377 372 3439 consulto
396 3381 597 3462 triumphavit.
642 3382 726 3444 ouius
752 3380 905 3462 triumpho
929 3379 1018 3459 longe
1043 3381 1203 3442 maximam

198 3460 231 3513 li
241 3460 370 3536 speciem
391 3465 503 3543 captiva
524 3481 605 3527 arma
625 3464 805 3541 praebuere:
831 3473 946 3527 tantum
968 3462 1205 3543 magnificentiae
