2575 4067
257 186 299 253 88
341 203 436 246 smne
450 204 520 248 vm.
539 202 608 247 oar.
623 191 666 244 36.
679 190 723 244 37.
741 180 781 264 [a.
796 206 828 246 u.
846 205 872 245 c.
886 190 937 242 429
949 182 1114 265 (430)-432]

257 350 295 413 sd
308 348 509 412 salubritatem
525 350 673 413 efficacius
689 349 792 421 fuerit,
808 369 896 432 quam
917 351 995 431 quod
1018 360 1102 429 grato
1118 352 1219 418 animo

228 444 294 497 eea
309 451 381 496 cura
393 441 514 515 accepta
530 442 583 497 est.
615 434 726 497 reiecto
744 436 875 500 exercitu
895 453 963 498 cum
977 435 1062 498 hoste
1076 453 1218 514 congres-

257 535 307 580 sus
330 517 408 580 baud
432 517 521 580 dubia
541 537 595 600 spe
615 518 865 599 suamllitmuque
893 520 933 582 ita
952 518 1028 581 ludit
1049 519 1219 600 fugavitque

257 601 420 673 Samnites,
441 610 475 664 ut
493 601 543 664 ills
564 602 686 665 ultimas
705 604 748 664 cis
770 603 833 666 dies
854 602 1027 668 confercndi
1046 604 1133 681 signa
1150 622 1218 668 carm
1279 627 1280 632 ¹

228 686 402 748 udictatore
414 685 517 747 luerit.
542 687 664 749 incessit
680 686 800 757 deinde,
825 705 882 768 qua
897 687 980 750 duxit
992 686 1122 768 praedae
1140 705 1217 768 spes,

256 772 349 834 victor
361 771 516 842 exercitam,
531 769 776 851 perlustravitque
790 771 918 833 hostium
930 788 1018 849 agros
1030 769 1110 834 nulla
1122 789 1214 843 arma,

215 862 247 915 to
258 852 370 916 nrdlam
385 856 444 914 dm
458 872 515 916 nes
528 860 660 934 apertam
673 872 728 916 nec
743 873 780 917 ea
793 855 907 918 insidiis
918 861 1067 933 expertus.
1091 854 1218 917 addebat

256 939 451 1008 alacritatem,
466 937 546 1018 quod
561 938 685 1000 dictator
699 938 839 1019 praedam
854 957 973 1004 omnem
988 939 1119 1004 ediscrau
1135 938 1214 1002 mili·

255 1022 348 1093 tibus,
365 1040 421 1083 nec
433 1023 478 1083 ira
498 1023 591 1101 magis
616 1022 735 1103 publica
750 1040 837 1104 quam
853 1025 998 1104 privatum
1018 1023 1215 1104 conpendium

214 1116 244 1168 11
254 1109 286 1169 in
300 1107 416 1169 boetem
434 1105 566 1168 acuebat.
598 1107 645 1168 his
666 1106 797 1170 cladibus
812 1108 925 1170 subacti
945 1108 1091 1170 Samnites
1110 1125 1215 1187 pacem

255 1210 272 1254 a
287 1191 430 1254 dictatore
445 1192 574 1271 petiere:
597 1209 665 1253 cum
679 1210 738 1271 quo
751 1193 842 1272 pacti,
862 1201 895 1254 ut
913 1190 1029 1271 singula
1041 1193 1214 1254 vestimenta

214 1284 246 1335 12
257 1274 399 1337 militibus
414 1282 444 1337 et
458 1293 587 1338 annuum
598 1275 778 1356 stipendium
793 1275 913 1346 darent,
935 1294 1003 1340 cum
1017 1276 1063 1337 ire
1077 1275 1114 1336 ad
1129 1293 1214 1337 sena·

254 1367 317 1422 tum
332 1361 405 1425 inssi
421 1366 535 1432 essent,
558 1368 711 1422 secuturos
733 1378 766 1423 se
789 1359 963 1424 dictatorcm
986 1358 1213 1440 responderunt,
1279 1387 1280 1394 ¹

254 1446 342 1507 unius
357 1447 419 1507 sius
433 1443 502 1505 ildei
512 1445 671 1525 virtutique
682 1461 799 1506 causam
811 1463 895 1508 suam
907 1444 1157 1508 commendantes.
1174 1446 1214 1506 ita
1279 1443 1280 1486 3

228 1526 792 1592 ldednctusexSamnitibusexcrcitus.
813 1528 951 1591 XXXVII.
966 1528 1098 1593 Dictator
1109 1531 1214 1594 otum·
1279 1547 1280 1554 ¹

254 1612 349 1693 pbans
367 1609 472 1674 urbem
489 1619 533 1672 est
550 1614 715 1691 ingressum
731 1620 768 1683 et,
786 1631 854 1676 cum
865 1632 897 1676 se
914 1613 1059 1678 dictatura
1076 1613 1214 1674 abdicare

255 1694 351 1767 vellet,
371 1698 451 1757 iussu
463 1702 594 1775 patrum,
614 1697 785 1776 priusquam
799 1697 962 1769 abdicaret,
981 1695 1117 1760 consules
1131 1715 1213 1759 crea·
1279 1679 1280 1772 l

255 1780 296 1840 vit
307 1780 338 1842 (L
350 1778 511 1860 Sulpicium
517 1780 651 1858 Longum
667 1781 776 1842 iterum
793 1780 827 1853 Q.
841 1780 998 1846 Aemilium
1009 1781 1212 1845 Cerretanum.
1279 1779 1280 1830 l

227 1863 401 1926 t'Samnites
419 1863 529 1925 iniecta
549 1881 637 1943 pace,
664 1865 733 1944 quia
758 1864 795 1925 de
815 1865 1037 1932 condicionibus
1060 1864 1212 1943 agebatm,

254 1947 383 2010 indutias
397 1965 509 2010 annuas
528 1947 565 2008 ab
584 1947 658 2009 urbe
675 1947 869 2020 rettulerunt;
892 1968 1063 2016 neccarum
1081 1951 1213 2031 ipsarum
1279 1957 1280 1978 ἒ

255 2039 356 2094 sancta
375 2033 448 2094 ildes
469 2031 539 2093 luit:
562 2033 652 2103 adeo,
667 2042 823 2114 postquam
836 2035 987 2115 Papirium
1008 2033 1104 2097 abisse
1119 2034 1213 2113 magi·

256 2123 351 2179 stratu
364 2118 530 2178 nuntiatum
546 2126 607 2188 est,
624 2119 734 2180 arrecti
748 2119 785 2180 ad
800 2118 970 2180 bellandum
985 2118 1075 2181 animi
1092 2124 1171 2180 sant
1279 2155 1280 2176 t

226 2206 243 2261 a
312 2201 343 2265 G.
357 2200 486 2281 SulpicIo
494 2200 830 2273 Mamilio-Aulium
842 2203 961 2283 quidam
974 2200 1214 2266 anndcsbabent

256 2321 295 2333 -
314 2285 483 2349 consulibus
498 2285 534 2347 ad
558 2285 754 2347 deiectionem
769 2287 943 2349 Samnitium
960 2285 1088 2366 apuam
1102 2304 1212 2348 norum
1279 2349 1280 2360 q

254 2369 365 2432 bellum
376 2371 507 2433 accessit
522 2375 648 2450 utroque
655 2371 800 2432 exereitus
810 2372 901 2434 missi.
921 2368 1049 2450 Sulpicio
1056 2370 1212 2440 Samnites,
1279 2363 1280 2436 ἶ

226 2453 340 2534 tripuli
353 2453 476 2516 Aemilio
491 2460 571 2514 sorte
587 2463 758 2516 evenerum.
788 2464 857 2517 sunt
877 2456 928 2535 qul
944 2472 1005 2518 non
1025 2455 1097 2535 ipsis
1110 2452 1214 2533 Apulis
1279 2527 1280 2540 χ

254 2537 366 2598 bellum
380 2537 520 2606 inlatum,
537 2537 588 2598 sed
603 2538 700 2598 socios
715 2540 777 2600 eius
798 2540 894 2618 gentis
906 2537 1031 2620 populos
1045 2537 1082 2602 ab
1097 2536 1213 2599 Samni·
1279 2553 1280 2556 ’

227 2621 330 2681 otium
344 2621 372 2679 ri
386 2628 472 2700 atque
488 2621 603 2682 iniuriis
618 2619 755 2684 deienscs
774 2621 914 2686 scribant
944 2631 1077 2686 cetorum
1093 2621 1214 2688 fortuna
1279 2633 1280 2642 ¹

257 2703 447 2774 Samnitium,
469 2705 516 2765 rix
530 2722 547 2765 a
560 2722 592 2766 se
608 2705 681 2784 ipsis
696 2725 731 2768 oo
748 2715 883 2788 tempore
900 2705 1136 2788 propulsantium
1149 2704 1213 2770 bel·

241 2786 331 2860 lton,
349 2787 471 2868 propius
489 2796 522 2850 ut
535 2789 574 2850 sit
586 2806 656 2850 vero
671 2790 755 2862 iacit,
779 2810 839 2853 non
857 2791 958 2872 Apulis
977 2791 1014 2853 ab
1032 2789 1212 2854 Samnitibus
1279 2817 1280 2824 ¹

254 2890 337 2935 arma
351 2871 456 2944 inlata,
472 2872 525 2934 sed
544 2891 611 2935 cum
627 2880 752 2956 utraque
767 2874 854 2937 simul
876 2883 964 2954 gente
977 2873 1090 2938 bellum
1102 2874 1212 2938 Roma·

225 2958 299 3019 onis
321 2955 420 3018 luisse.
464 2974 520 3021 nec
538 2965 637 3020 tamen
657 2978 706 3021 res
728 2958 787 3022 ulla
812 2958 1013 3022 memorabilis
1033 2966 1113 3022 acta:
1141 2975 1212 3037 ager

252 3039 364 3123 lpidus
384 3041 593 3124 Samniumque
612 3050 788 3117 evasurum,
810 3044 911 3106 bostes
932 3062 990 3106 nec
1009 3042 1059 3106 bic
1079 3060 1135 3106 nec
1150 3040 1212 3104 illic
1279 3067 1280 3088 2

252 3127 373 3188 inventi.
384 3159 427 3174 -
438 3125 549 3189 llomae
562 3134 725 3189 nocturnus
735 3137 832 3190 terror
846 3130 886 3191 ita
898 3146 934 3191 es
944 3144 1049 3194 somno
1065 3126 1211 3208 trepidam
1279 3131 1280 3136 ’

253 3217 377 3290 repente
391 3210 535 3274 civitatem
548 3212 667 3284 excivit,
685 3222 719 3274 ut
729 3212 903 3295 Capitolium
915 3219 1003 3293 atque
1013 3230 1066 3276 arx
1079 3213 1211 3276 moenia·
1279 3221 1280 3288 l

225 3303 311 3375 ‘tque
328 3302 358 3357 st
371 3302 475 3375 portae
495 3294 583 3377 plena
603 3305 784 3359 armatorum
804 3298 923 3360 fuerint.
950 3304 1063 3358 etcum
1085 3313 1211 3358 concur·
1279 3315 1280 3370 t

254 3386 349 3439 satum
365 3377 579 3460 clamatumque
597 3380 634 3442 ad
658 3400 741 3444 arma
758 3381 894 3444 omnibus
910 3380 983 3443 locis
998 3388 1091 3450 esset,
1114 3381 1210 3462 prima
1279 3403 1280 3462 j

252 3458 320 3521 luce
336 3478 393 3521 nec
407 3470 508 3524 auctor
523 3481 579 3525 nec
594 3482 681 3528 causa
698 3467 821 3530 terroris
836 3467 1000 3548 conparuit.
