2575 4067
306 225 400 268 amca
414 224 477 267 111.
490 224 558 268 oar.
573 213 616 268 25.
633 213 677 269 26.
690 206 730 289 [a.
747 209 782 273 0.
798 205 859 292 aio]
997 213 1060 276 225

98 390 164 454 que
179 389 246 435 cunr
261 369 350 434 caede
365 387 487 432 suorum
500 388 587 449 aegre
610 374 642 433 in
659 382 775 452 apertos
790 391 909 451 campos
929 375 1059 437 emersit.

98 457 148 520 ibi
165 463 260 518 casira
272 455 463 526 communita,
479 462 521 524 et,
536 455 604 534 quia
619 455 708 518 Gallis
722 455 759 516 ad
778 456 945 534 temptanda
957 473 992 518 ea
1006 457 1056 520 de·
1070 463 1103 517 1⁰

99 539 161 600 iuit
175 555 257 618 spes,
272 537 375 599 reiecti
388 545 456 599 sunt
470 536 594 598 militum
607 540 712 609 animi,
728 556 902 619 quamquam
917 537 953 599 ad
964 539 999 579 *²*
1012 558 1059 601 ce·

100 621 213 683 cidisse
233 622 304 685 satis
324 619 484 682 constabat.
520 621 576 683 iter
594 621 701 683 deinde
722 621 759 684 de
778 623 893 700 integro
914 630 1057 702 coeptum,
1070 629 1101 683 11

100 721 176 774 nec,
199 703 268 765 dum
289 719 344 783 per
363 705 494 782 patentia
513 701 577 765 loca
600 703 761 767 ducebatur
783 722 904 783 agmen,
927 706 1062 784 apparuit

100 789 213 851 hostis:
239 787 291 848 ubi
311 803 414 848 rursus
429 785 517 848 silvae
538 787 679 859 intratae,
699 796 762 849 tum
778 795 943 868 postremos
963 787 1057 848 adorti
1071 796 1103 846 te

101 890 174 933 cum
196 888 302 949 magna
321 868 517 948 trepidatione
528 887 563 931 ac
583 888 692 950 parcre
713 873 844 933 omnium
862 872 1062 950 septingentos

101 952 217 1016 milites
228 954 412 1023 occiderunt,
425 972 474 1016 sex
487 956 569 1033 signa
578 954 729 1018 memore
756 955 822 1015 linis
834 962 863 1015 et
873 953 962 1014 Gallis
972 954 1058 1016 terri·
1072 959 1103 1013 1³

101 1034 190 1097 tandi
205 1043 234 1096 et
253 1037 375 1115 parendi
398 1038 451 1099 iuii
465 1037 618 1107 Romanis,
642 1045 676 1099 ut
691 1055 708 1099 e
722 1036 798 1098 saltu
818 1037 895 1098 invio
908 1045 996 1116 atque
1017 1038 1062 1096 in·

104 1116 206 1198 pedite
228 1136 353 1180 evasere.
395 1119 464 1180 inde
484 1122 593 1199 apertis
612 1119 685 1181 iocis
704 1119 790 1182 facile
808 1127 936 1183 tutantes
955 1136 1061 1199 agmen

104 1201 232 1262 Romani
246 1200 426 1272 Tannetum,
447 1204 543 1264 vicum
562 1204 738 1282 propincum
758 1203 853 1274 Pado,
873 1203 1061 1265 contendere.

106 1283 151 1344 ibi
167 1300 199 1344 se
214 1285 395 1346 munimento
408 1284 443 1346 ad
465 1292 582 1364 tempus
603 1285 870 1366 commeatibusque
890 1286 1018 1349 iiuminis
1031 1294 1061 1346 et
1073 1291 1104 1345 11

105 1366 313 1428 Brixianorum
331 1370 418 1429 etiam
433 1367 581 1430 Gallorum
603 1367 710 1429 auxilio
726 1369 781 1429 adr
799 1388 865 1431 rsus
879 1377 1061 1432 crescentem

104 1451 138 1509 in
154 1447 216 1509 dies
227 1448 441 1512 multitudinem
454 1451 581 1515 hostium
597 1451 775 1514 tutabantur.
818 1451 917 1514 lillVi.
947 1452 1002 1523 Qui
1017 1457 1089 1513 tu·l

105 1530 216 1593 multus
227 1549 334 1612 repens
347 1542 501 1612 postquam
521 1544 566 1596 est
576 1534 699 1597 Romam
713 1533 860 1613 perlatus,
878 1543 908 1596 et
917 1534 1060 1597 Punicum

106 1616 229 1693 insuper
245 1613 359 1677 Gallico.
369 1615 479 1680 bellum
494 1627 609 1680 auctum
625 1624 724 1696 patres
738 1626 916 1697 acceperunt
953 1618 985 1680 C.
1000 1619 1090 1680 iti-2

77 1696 82 1704 '
107 1695 180 1757 lium
194 1704 362 1776 praetorem
377 1718 443 1761 cum
461 1719 518 1762 una
539 1699 655 1778 legione
669 1700 801 1763 Romana
818 1709 848 1762 et
861 1702 990 1781 quinque
1006 1702 1061 1761 mi·

108 1777 187 1840 libus
200 1780 345 1843 sociorum
357 1781 464 1844 dilectu
478 1801 554 1845 noro
568 1801 585 1843 a
601 1781 720 1844 consule
735 1784 908 1864 conscriptis
922 1782 1060 1847 auxilium

110 1860 189 1922 ierre
199 1861 306 1925 lianlie
316 1864 426 1937 iubent,
438 1867 561 1945 quisine
571 1864 631 1927 ullo
643 1865 1063 1928 certamine-abscesserant

108 1945 188 2006 enlm
205 1954 286 2008 metu
299 1947 399 2010 hostes
412 1980 453 1993 -
467 1948 631 2010 Tannetum
645 1949 787 2027 pervenit

171 2027 209 2089 Et
222 2027 255 2091 P.
271 2030 425 2093 Coroebus
436 2033 468 2092 11
481 2030 579 2093 iocum
594 2031 672 2099 eius,
695 2048 769 2110 quae
792 2032 879 2092 missa
895 2049 961 2093 cum
976 2038 1090 2112 prae-8

110 2118 174 2173 tore
195 2119 274 2182 erat,
296 2115 405 2192 scripta
426 2113 540 2193 legione
561 2130 635 2174 nera
656 2113 807 2192 proiectus
827 2113 864 2175 ab
883 2113 957 2175 urbe
979 2132 1062 2175 sexa·

105 2195 190 2274 ginta
212 2193 308 2274 longis
327 2198 449 2260 navibus
470 2204 588 2276 praeter
614 2214 696 2258 oram
716 2195 850 2257 Etruriae
864 2197 1063 2277 Ligurumque

111 2286 141 2337 et
153 2276 222 2338 inde
238 2278 385 2342 Salarium
399 2282 507 2342 mentis
520 2281 656 2359 pervenit
669 2277 838 2349 Massiliam,
857 2287 887 2340 et
904 2280 939 2340 ad
954 2287 1091 2359 prom-4

112 2376 192 2419 mum
206 2362 311 2424 estium
332 2362 467 2427 Rhodani
483 2360 672 2442 -pluribus
694 2362 771 2422 enim
792 2361 900 2423 divisus
921 2364 1015 2424 amnis
1031 2364 1063 2423 in

112 2457 193 2502 mare
208 2441 337 2509 decurrit
352 2482 394 2494 -
410 2453 504 2509 castra
519 2445 610 2516 locat,
630 2443 749 2506 vixdum
764 2446 833 2506 satis
850 2444 973 2508 credens
984 2445 1062 2506 llan-

113 2522 240 2588 nibalem
257 2546 411 2609 superasse
431 2531 596 2610 Pyrenaeos
618 2530 736 2591 mentis.
771 2546 857 2609 quem
879 2536 913 2589 ut
933 2528 970 2590 de
984 2528 1090 2591 Rho-o

112 2607 179 2669 dani
196 2627 311 2692 quoque
325 2616 449 2677 transitu
464 2615 573 2693 agitare
588 2612 805 2683 animadvertit,
820 2613 965 2683 incertus,
990 2630 1062 2693 que·

112 2708 179 2752 nam
192 2695 220 2755 ei
236 2692 301 2756 loco
312 2704 495 2767 occurreret,
511 2696 636 2759 necdum
650 2698 720 2759 satis
731 2696 849 2758 reiectis
859 2694 1063 2758 ablactatione

112 2775 268 2837 marituma
276 2778 424 2851 militibus,
435 2788 582 2843 trecentos
591 2781 710 2842 interim
718 2780 846 2842 delectos
858 2780 972 2858 equites
981 2777 1063 2838 duui-

114 2853 168 2913 bus
194 2855 419 2924 Massiliensibus
445 2872 474 2924 et
499 2861 688 2925 auxiliaribus
713 2861 802 2922 Gallis
823 2860 860 2920 ad
885 2858 1064 2937 exploranda

116 2936 213 2995 omnia
233 2939 425 3023 visendosque
447 2963 481 3006 ex
502 2953 565 3007 tuto
584 2943 684 3006 hostes
705 2942 873 3021 praemittit.
921 2938 1093 3002 Hannibale

116 3017 219 3078 ceteris
235 3027 314 3082 metu
330 3034 379 3086 aut
398 3028 493 3106 pretio
507 3029 616 3107 pacatis
634 3028 692 3088 iam
708 3028 740 3087 in
754 3022 909 3087 Volcarum
920 3039 1064 3104 perrene-

116 3105 160 3161 rat
174 3116 291 3179 agrum,
316 3109 411 3186 gentis
424 3107 545 3169 validae.
576 3110 676 3171 colunt
698 3116 795 3171 autem
813 3108 892 3168 circa
908 3114 1064 3184 utramque

116 3184 208 3260 ripam
222 3186 371 3262 Rhodani;
395 3191 446 3252 sed
466 3189 552 3251 diffisi
573 3193 710 3253 citeriore
730 3208 801 3270 agro
822 3190 916 3251 arceri
926 3186 1062 3252 Poenum

116 3282 214 3345 posse,
230 3278 262 3332 ut
273 3271 382 3337 11111111
393 3293 448 3356 pro
459 3274 640 3334 munimento
652 3273 810 3343 haberent,
825 3271 960 3337 omnibus
970 3274 1064 3335 ierme

117 3349 174 3409 auis
199 3359 281 3417 trans
304 3359 477 3422 Rhodanum
503 3357 630 3418 traiectis
657 3356 827 3418 ulteriorem
853 3358 944 3437 ripam
971 3355 1064 3420 amnis

115 3434 204 3495 armis
226 3437 406 3505 obtinebant.
450 3448 564 3503 ceteros
585 3440 700 3503 accolas
725 3440 852 3503 iluminis
873 3438 1020 3502 Hannibal
1038 3445 1093 3500 eti

159 3543 184 3582 1ο
202 3549 263 3591 civi
281 3559 350 3596 rin!
368 3560 404 3599 11.
860 3531 899 3592 15
