2575 4067
231 190 294 254 304
399 206 584 256 ursanum.
608 206 678 247 oar.
693 195 737 248 48.
751 194 795 244 49.
820 185 862 262 [a.
879 206 910 245 n.
927 205 954 245 e.
969 183 1032 261 538]

202 348 315 439 ⁴parte
325 359 502 425 conseritur,
518 356 614 434 quieti
625 362 814 421 manserunt:
829 361 986 431 postquam
996 354 1133 412 omnium
1144 351 1207 412 ani·

231 460 296 503 mos
309 441 468 519 aedesque
483 447 680 518 occupaverat
694 447 860 507 certamen,
876 445 940 498 tum
955 439 1085 513 arreptis
1099 438 1206 504 scutis,

231 542 308 606 quae
319 527 431 604 passim
441 527 523 584 inter
534 541 656 583 acervos
666 540 821 583 caesorum
832 537 992 599 corporum
1003 527 1095 581 sueta
1107 528 1205 588 erant,

232 627 366 672 aversam
388 609 564 669 adoriuntur
577 606 740 667 Romanam
761 608 872 675 aciem,
896 612 1039 683 tergaque
1058 604 1207 664 lerientes

232 712 266 756 ae
286 693 415 773 poplites
435 692 594 752 caedentes
614 698 744 768 stragem
764 692 916 765 ingentem
937 706 971 748 ao
992 689 1139 748 maiorem
1154 687 1206 747 ali·

203 769 341 858 ⁶quanto
356 794 496 856 pavorem
512 793 546 835 ao
559 773 719 835 tumultum
734 775 883 834 fecerunt.
920 790 989 832 eum
1011 771 1083 832 alibi
1104 779 1206 830 terror

233 880 267 924 ae
281 861 366 937 luga,
390 859 462 920 alibi
484 861 622 938 pertinax
642 861 676 918 in
697 858 774 918 mala
796 859 857 918 ianr
878 874 930 936 spe
950 855 1098 935 proelium
1112 863 1203 923 esset,
1277 863 1278 942 l

231 943 399 1005 Hasdrubal
410 942 465 1013 ⁸²¹¹,
488 946 540 1023 qui
555 961 591 1003 ea
604 951 690 1021 parte
705 947 858 1021 praeerat,
874 939 1038 1001 subductos
1052 957 1091 999 ex
1104 938 1204 999 media
1277 947 1278 1014 l

233 1031 297 1090 acie
312 1025 472 1097 Numidas,
488 1029 558 1106 quia
569 1029 669 1103 segnis
679 1041 784 1085 eorum
794 1042 864 1085 eum
874 1025 1008 1085 adversis
1018 1040 1117 1103 pugna
1130 1031 1202 1091 erat,

204 1110 221 1158 ⁶
233 1113 269 1173 ad
284 1109 507 1189 persequendos
521 1113 633 1187 passim
647 1110 790 1186 fugientis
805 1111 913 1178 mittit,
930 1107 1076 1187 Hispanos
1090 1115 1122 1167 et
1137 1105 1203 1167 Gal·

233 1196 410 1357 laodsianguiittes
420 1194 501 1255 diris
515 1197 574 1255 ianr
588 1211 681 1272 prope
691 1194 780 1253 fessis
793 1193 884 1253 eaede
895 1193 990 1269 magis
1002 1209 1092 1270 quam
1102 1207 1203 1271 pugna

207 1365 220 1412 1
293 1362 397 1424 XLlX.
424 1363 513 1424 Parte
528 1362 621 1423 altera
635 1379 752 1441 pugnae
767 1360 891 1431 Paulus,
912 1378 1092 1441 quamquam
1105 1362 1204 1439 primo
1277 1325 1278 1400 Ῑ

204 1448 334 1510 2seattm
354 1447 469 1526 proelio
488 1447 581 1507 lunda
602 1448 732 1523 graviter
752 1447 830 1508 letus
850 1446 964 1514 luerat,
987 1452 1087 1505 tamen
1109 1451 1143 1503 et
1157 1462 1203 1503 oe·

234 1534 329 1593 currit
343 1548 433 1609 saepe
448 1549 516 1591 eum
531 1531 675 1591 confertis
689 1528 849 1590 Hannibali
865 1537 896 1589 et
905 1529 1018 1608 aliquot
1031 1529 1105 1588 loeis
1115 1546 1203 1607 proe-

233 1616 307 1675 lium
320 1616 463 1682 restituit,
479 1612 707 1692 protegentibus
721 1631 790 1674 eum
799 1613 950 1692 equitibus
960 1613 1103 1674 Romanis
1113 1615 1203 1671 emis·
1277 1595 1278 1640 ³

234 1701 276 1757 sis
289 1704 440 1776 postremo
456 1699 550 1775 equis,
567 1699 637 1775 quia
653 1697 805 1758 consulem
819 1706 850 1756 et
864 1698 901 1759 ad
915 1697 1081 1775 regendum
1096 1713 1203 1775 equom

205 1783 312 1841 ³rires
327 1779 514 1841 deficiebant.
551 1789 615 1842 tum
637 1781 824 1842 denuntianti
846 1781 965 1847 cuidam
987 1782 1111 1842 iussisse
1133 1797 1203 1839 eon·

234 1863 328 1925 sulem
349 1862 386 1925 ad
408 1864 500 1942 pedes
514 1864 697 1926 descendere
718 1868 849 1944 equites,
873 1866 984 1926 dixisse
1005 1853 1203 1925 Hannibalem

205 1950 335 2009 tierent
357 1965 472 2026 ..wem
494 1948 627 2019 mallem,
650 1951 764 2010 vinctos
784 1949 858 2009 mihi
873 1950 1037 2010 traderet.“
1067 1951 1204 2025 equitum

233 2031 372 2112 pedestre
387 2033 548 2111 proelium,
564 2033 651 2112 quale
662 2035 721 2093 iarn
732 2032 811 2093 baud
826 2032 917 2095 dubia
927 2032 1055 2094 hostiurn
1066 2033 1204 2099 notoria,

233 2116 304 2186 luit,
320 2134 388 2178 eum
401 2119 472 2177 vieti
487 2119 565 2178 morl
579 2119 612 2177 in
626 2117 751 2194 vestigio
766 2116 888 2178 mallent
900 2135 989 2197 quam
1003 2118 1124 2193 lugere,
1141 2117 1204 2175 rio·

234 2209 314 2261 tores
328 2200 515 2262 morantibus
528 2203 684 2262 victoriam
698 2203 769 2261 irati
783 2200 985 2271 trucidarent,
1001 2217 1076 2279 quos
1090 2198 1205 2279 pellere

204 2286 292 2344 bnon
312 2292 459 2363 poterant.
495 2283 677 2364 pepulerunt
700 2293 799 2345 tamen
820 2286 881 2345 iam
901 2302 1011 2364 pauens
1033 2286 1205 2362 superantis

234 2376 264 2429 et
278 2366 379 2428 labore
395 2386 429 2427 ae
443 2368 619 2430 vulneribus
633 2370 739 2429 lessus.
769 2368 840 2429 inde
856 2368 991 2448 dissipati
1006 2384 1111 2428 omnes
1124 2377 1204 2436 sunt,

205 2455 384 2530 tequosque
396 2452 433 2512 ad
444 2454 546 2530 fugam
558 2455 610 2531 qui
621 2459 761 2532 poterant
775 2451 964 2531 repetebant.
994 2451 1047 2513 Cn.
1059 2451 1206 2513 Lentulus

234 2534 372 2594 tribuum
398 2536 527 2597 militum
550 2554 619 2598 eum
639 2536 873 2616 praetervehens
894 2553 972 2615 equo
998 2534 1153 2596 sedentem
1175 2537 1205 2595 in

205 2620 302 2676 ’lsaxo
317 2634 425 2676 eruore
441 2620 593 2697 oppletum
607 2620 759 2680 denudem
779 2620 913 2690 vidisset,
935 2619 990 2691 „L.
1005 2618 1110 2680 Aemili
1118 2626 1138 2651 ‘⁴
1159 2622 1205 2680 in·
1277 2651 1278 2684 r

232 2699 310 2777 quit,
333 2717 451 2779 „quem
470 2719 564 2762 unmn
578 2704 727 2764 insontem
748 2703 852 2783 eulpae
868 2704 961 2765 cladis
976 2703 1140 2764 hodiernae
1157 2704 1205 2764 dei
1277 2699 1278 2776 ξ

232 2783 385 2861 respicere
397 2784 516 2857 debent,
528 2803 601 2865 oape
612 2786 693 2847 hune
705 2788 910 2867 equumldurn
921 2797 952 2850 et
962 2787 1019 2849 tibi
1029 2789 1142 2848 virium
1152 2787 1205 2848 all·
1277 2781 1278 2830 ἶ

232 2866 459 2948 quidsuperest,
475 2880 504 2930 et
514 2887 615 2932 eomes
626 2888 682 2949 ego
693 2880 724 2932 te
740 2871 844 2932 tollere
854 2889 977 2951 possum
988 2889 1022 2932 ae
1032 2880 1206 2952 protegere.
1277 2911 1278 2914 =

204 2956 271 3012 Sne
285 2952 435 3015 funestam
454 2954 531 3016 hano
551 2973 682 3034 pugnam
697 2962 793 3016 morte
817 2956 948 3016 consulis
966 2957 1092 3017 leeerls:
1116 2958 1204 3016 etlam
1277 2959 1278 3024 ᾗ

202 3038 297 3096 tsine
317 3037 373 3097 boe
393 3038 584 3101 lacrimarum
599 3042 671 3099 satis
685 3039 841 3118 luctusque
856 3046 935 3100 est.“
973 3039 1009 3099 ad
1032 3058 1067 3100 ea
1084 3040 1204 3100 consid:

232 3128 295 3191 „tu
316 3121 450 3199 quidem.
474 3123 526 3184 Gn.
545 3122 680 3193 Corneli,
705 3130 800 3183 macte
822 3125 933 3183 vutuoe
956 3132 1035 3195 esto;
1058 3122 1112 3184 sed
1134 3140 1205 3184 eave

232 3205 344 3265 frustra
355 3207 524 3267 miserando
534 3209 676 3284 exiguum
688 3213 806 3286 tempus
817 3224 833 3265 e
845 3206 984 3267 manibus
995 3208 1127 3268 hostium
1138 3225 1204 3267 eva·
1277 3157 1278 3248 l

192 3288 325 3349 rodendi
340 3288 488 3352 absumas.
517 3291 582 3363 abi,
605 3292 710 3352 nuntia
725 3289 845 3369 publice
861 3290 1007 3370 patribus,
1023 3291 1131 3352 urbem
1146 3291 1204 3352 Ro·
1277 3287 1278 3328 ἓ

233 3388 350 3432 martam
360 3376 496 3436 muniant
510 3392 555 3453 ae,
571 3378 747 3454 priusquam
759 3376 854 3435 hostis
862 3375 958 3434 vietor
972 3374 1101 3445 advenit,
1116 3393 1203 3454 prae·

234 3452 320 3512 sldlia
334 3456 464 3525 llrment,
479 3461 621 3535 privatim
635 3458 672 3528 0.
683 3456 789 3525 Fabio,
804 3458 963 3519 Aemilium
973 3467 1201 3538 praeeeptoruu
1277 3455 1278 3542 l
