2575 4067
259 265 320 327 194
455 276 549 320 canen
563 279 593 320 x.
610 276 679 319 aar.
699 266 743 319 41.
758 266 801 320 tt.
818 255 857 338 [o.
873 280 903 319 u.
921 279 947 320 e.
962 256 1025 339 att]

257 427 349 488 hostis
376 425 536 497 accideret,
559 432 676 505 captum
700 424 881 496 Cominium,
907 426 1049 487 victorem
1072 424 1222 505 collegam

257 510 373 581 adesso;
402 509 605 571 adniterentur
624 511 757 579 vincere,
785 511 956 590 priusquam
979 508 1072 588 gloria
1095 508 1222 573 alterius

228 595 403 656 texercitus
418 594 510 654 lieret.
543 594 616 655 haec
625 593 757 654 insidens
768 611 853 672 equo.
887 592 956 654 inde
970 592 1097 656 tribunis
1113 602 1222 655 centu·

256 677 447 758 mortibusque
463 678 605 757 imperat,
626 685 659 738 ut
679 678 754 738 viam
775 677 921 758 equitibus
940 676 1130 756 patefaciant;
1151 678 1220 757 ipse

254 760 404 823 Trebonio
425 760 620 841 Caedicioque
642 761 844 840 praedixerat,
865 769 913 832 ut,
935 760 985 822 ubi
1007 779 1039 823 se
1062 760 1219 840 cuspidem

255 852 384 908 erectam
399 846 578 926 quatientem
596 845 748 916 vidissent,
772 853 880 925 quanta
895 846 1022 906 maxima
1035 846 1064 905 vi
1084 856 1217 925 possent,

226 931 438 991 uconcltarent
449 930 561 1008 equites
578 930 609 989 in
624 929 749 989 hostem.
780 930 816 991 ad
828 937 931 990 nutum
943 930 1042 991 omnia
1052 937 1086 990 ut
1100 947 1136 990 ex
1146 937 1218 990 ante

254 1023 429 1094 praeparato
454 1014 541 1074 fiunt:
561 1012 731 1093 panduntur
747 1013 825 1073 inter
842 1013 962 1074 ordines
980 1013 1058 1082 riae,
1082 1012 1217 1092 provolat

255 1114 343 1178 eques
359 1104 445 1177 atque
461 1096 574 1158 infestis
590 1096 760 1176 cuspidibus
774 1098 806 1156 in
821 1096 951 1158 medium
963 1100 1069 1175 agmen
1083 1096 1216 1158 hostium

255 1182 329 1251 ruit,
350 1182 573 1261 perrumpitque
595 1180 730 1250 ordines,
758 1198 940 1260 quacumque
959 1182 1102 1259 impetum
1124 1180 1215 1242 dedit.

213 1272 244 1325 to
256 1267 366 1326 instant
385 1263 556 1326 Volumnius
578 1272 608 1326 et
628 1264 727 1344 Scipio
748 1270 778 1325 et
797 1264 949 1345 perculsos
969 1271 1114 1326 sternunt
1152 1272 1215 1325 tum

254 1350 312 1410 iam
337 1349 459 1411 deorum
480 1349 691 1429 hominumque
710 1349 785 1410 vieta
803 1349 861 1409 ris:
892 1347 1056 1409 funduntur
1077 1347 1216 1409 linteum

255 1431 407 1502 cohortem
422 1434 533 1512 pariter
544 1433 631 1494 iurati
641 1433 818 1511 iniuratique
828 1431 958 1510 lugiunt,
970 1449 1025 1492 nec
1037 1449 1215 1511 quemquam

211 1523 240 1574 11
254 1523 373 1596 praeter
388 1516 488 1577 hostes
503 1522 647 1578 metuunt.
680 1516 811 1596 peditum
832 1533 955 1594 agmen,
976 1516 1056 1596 quod
1069 1515 1216 1596 superfuit

252 1617 382 1680 pugnae,
403 1601 434 1660 in
450 1606 544 1661 castra
568 1608 617 1661 aut
633 1600 817 1680 Aquiloniam
838 1598 1010 1680 conpulsum
1029 1607 1087 1671 est,
1108 1598 1214 1661 nobili-

254 1691 296 1743 tas
312 1684 484 1762 equitesque
500 1683 661 1745 Bovianum
680 1684 883 1763 perfugerunt.
923 1685 1037 1764 equites
1058 1701 1146 1762 eques
1165 1701 1214 1744 se·

253 1766 367 1844 quitur,
386 1766 515 1845 peditem
529 1767 635 1846 pedes:
656 1768 770 1829 diversa
785 1785 896 1828 cornua
911 1768 1049 1829 dextrum
1063 1766 1100 1828 ad
1116 1775 1213 1828 castra

212 1856 243 1906 12
254 1848 445 1919 Samnitium,
464 1849 577 1912 laesum
593 1851 629 1912 ad
640 1851 746 1913 urbem
762 1851 865 1913 tendit.
904 1854 986 1931 prior
996 1850 1144 1931 aliquanto
1155 1850 1213 1911 Vo-

252 1932 380 1994 lumnius
398 1941 494 1996 castra
511 1936 602 2015 cepit;
619 1936 656 1997 ad
672 1935 776 1997 urbem
796 1933 926 2015 Scipioni
939 1937 1051 1997 maiore
1066 1935 1212 1997 resistitur

252 2018 293 2087 vi,
314 2035 374 2079 non
389 2020 456 2099 quia
471 2017 537 2099 plus
555 2022 645 2081 animi
659 2021 742 2080 victis
758 2026 816 2090 est,
840 2018 892 2080 sed
909 2017 1014 2081 melius
1029 2020 1108 2080 muri
1124 2037 1218 2099 quarn

251 2099 358 2163 vallum
375 2112 502 2164 armatos
515 2112 630 2165 arcent:
649 2104 717 2164 inde
732 2102 878 2182 lapidibus
892 2102 1066 2184 propulsant
1086 2103 1212 2164 hostem„

210 2192 242 2246 ta
252 2184 359 2267 Scipio,
372 2188 429 2248 ulsl
440 2190 470 2248 in
479 2189 576 2268 primo
584 2206 701 2268 pavore,
714 2189 885 2267 priusquam
893 2186 1103 2265 colligerentur
1112 2188 1210 2257 animi,

251 2277 396 2332 transacta
418 2289 467 2332 res
487 2280 577 2343 esset,
603 2271 758 2332 lentiorem
782 2271 847 2331 iore
866 2271 996 2332 munitae
1014 2269 1097 2331 urbis
1118 2287 1210 2351 oppu·

251 2356 419 2430 guatlonem
431 2363 526 2426 ratus,
539 2357 702 2434 interrogat
713 2354 834 2425 milites,
850 2355 925 2416 satin
937 2371 1031 2434 aequo
1045 2355 1143 2417 animo
1158 2371 1210 2433 pa·

251 2445 386 2499 terantur
396 2437 433 2498 ab
445 2437 538 2500 altero
550 2457 644 2500 cornu
653 2447 748 2501 castra
759 2447 844 2518 capta
859 2457 939 2509 esse,
956 2456 989 2499 se
1000 2439 1127 2500 victores
1140 2436 1210 2518 pelli

210 2525 242 2576 tt
253 2537 270 2579 a
283 2522 377 2598 portis
392 2521 484 2584 urbis.
518 2522 746 2585 reclamantibus
763 2524 906 2584 universis
918 2524 1033 2603 primus
1047 2523 1111 2602 ipse
1126 2528 1210 2584 scuto

250 2619 340 2680 super
361 2612 448 2682 eaput
463 2604 539 2667 elato
561 2608 659 2684 pergit
677 2605 713 2666 ad
734 2615 864 2685 portam,
887 2609 980 2669 secuti
993 2605 1042 2668 alii
1063 2606 1210 2668 testudine

252 2683 329 2745 iacta
340 2685 370 2745 in
382 2686 487 2748 urbem
498 2698 704 2768 perrumpunt,
718 2690 938 2772 deturbatisque
946 2688 1127 2753 Samnitibus
1134 2707 1209 2770 quac

250 2768 328 2828 cirea
339 2776 455 2848 portam
467 2778 551 2833 erant
561 2774 639 2833 muri
651 2791 845 2854 occuparere3
858 2783 1016 2855 penetrare
1026 2776 1058 2835 in
1068 2775 1209 2836 interiora

224 2851 342 2922 turbis,
352 2854 419 2933 quia
431 2858 517 2934 paucl
528 2856 686 2918 admodum
698 2866 789 2929 erant,
802 2877 862 2920 non
873 2859 990 2921 audent.
1020 2857 1106 2920 XLll.
1130 2857 1209 2918 llaec

249 2938 346 3016 primo
357 2939 606 3018 ignorareconsul
618 2949 648 3003 et
657 2943 787 3003 intentus
797 2943 968 3023 recipiendo
980 2942 1206 3005 exercituiessea

250 3022 309 3082 iam
326 3023 405 3084 enim
423 3041 566 3106 praeceps
585 3027 615 3085 in
631 3043 768 3088 occasum
784 3027 828 3088 sol
842 3035 919 3098 erat,
942 3034 971 3087 et
986 3027 1128 3107 adpetens
1149 3041 1208 3086 nox

222 3103 451 3184 apertotdosaet
462 3117 596 3189 suspecta
609 3110 706 3170 omnia
720 3112 807 3172 etiam
815 3110 974 3173 victoribus
984 3109 1117 3172 iaciebat.
1137 3126 1207 3189 pro·

250 3205 368 3267 gressus
383 3188 499 3269 longius
513 3191 550 3254 ab
565 3192 667 3254 dextra
682 3202 767 3274 capta
783 3203 880 3257 castra
893 3195 986 3265 ridet,
1002 3193 1039 3255 ab
1054 3193 1134 3255 laeva
1148 3191 1207 3253 cla·

249 3290 364 3334 morem
379 3274 410 3333 in
421 3273 496 3336 urbe
512 3277 635 3339 mixtum
649 3280 842 3356 pugnantium
857 3298 892 3341 ac
905 3279 1075 3360 parentium
1088 3276 1206 3339 tremitu

218 3363 323 3417 tesse.
356 3363 385 3418 et
395 3365 457 3418 tum
471 3359 548 3423 lorte
560 3368 711 3423 certamen
722 3360 759 3423 ad
775 3371 891 3442 portam
903 3371 975 3426 erat.
1004 3361 1142 3423 advectus
1157 3360 1208 3420 de·

250 3439 319 3499 inde
333 3457 408 3519 equo
425 3447 547 3524 propius
566 3454 599 3507 ut
618 3463 688 3507 suos
706 3446 738 3505 ln
753 3449 845 3509 muris
860 3448 937 3509 ridet
954 3464 1010 3508 nec
1030 3446 1090 3506 iam
1100 3444 1206 3522 lntegri

250 3522 407 3600 quiequam
422 3542 501 3599 esse,
518 3531 655 3608 quoniam
670 3532 833 3593 temeritate
848 3549 1009 3614 paucorum
1025 3545 1149 3609 magnae
1164 3527 1207 3588 rel
