2575 4067
346 226 441 275 nra-nn
453 231 485 270 ι,
501 228 566 272 aar.
583 216 625 269 ab.
639 209 679 291 [a.
695 212 730 273 Ο.
744 211 807 293 193]
995 219 1054 284 tat

98 374 625 539 bifidifilifl'fitdflifdf‘tid
639 376 1087 525 ilidlttliidtiil‘n

97 544 207 624 scripto
218 541 378 605 Duroniam
392 541 497 604 urbem
513 544 697 622 expugnavit.
727 545 825 606 minus
841 564 928 624 quom
943 546 1055 626 collega

98 628 176 706 cepit
188 626 357 696 bominum,
380 625 447 705 plus
468 625 615 706 aliquanto
636 627 759 697 occidit;
783 629 893 708 praeda
914 628 1053 709 opulenta

97 709 255 791 utrubique
276 717 321 771 est
340 719 432 790 parta.
474 710 544 771 inde
568 712 717 789 pervagati
737 712 889 773 Samnium
911 713 1083 784 consuleso

97 795 223 858 maxime
238 793 415 874 depopulato
430 795 545 856 lunate
562 810 649 872 agro,
671 794 811 856 Carvilius
827 796 863 857 ad
880 796 1053 868 Cominium,

96 878 232 958 Papirius
247 878 284 939 ad
297 877 497 957 Aquiloniam,
519 877 571 939 ubi
593 895 708 939 summo
728 880 773 939 rei
785 880 959 941 Samnitium
981 889 1053 952 erat,

96 962 239 1040 pervenit.
275 960 317 1021 ibl
336 960 520 1041 aliquamdiu¹
536 979 592 1022 nec
607 969 753 1023 cessatum
770 962 806 1024 ab
823 965 912 1025 armis
936 971 980 1026 est
1001 973 1083 1025 neo

97 1061 156 1122 que
175 1044 287 1107 nodus
306 1052 483 1124 pugnatum
510 1042 681 1105 lacessendo
702 1047 830 1125 quietos,
850 1047 1054 1110 resistentibus

97 1125 230 1190 cedendo
245 1127 508 1207 comminandoque
528 1129 622 1205 magis
641 1146 730 1207 quam
751 1128 906 1191 inferendo
925 1148 1054 1210 pugnam

34 1262 36 1265 .
98 1209 161 1272 dies
172 1208 389 1272 absumebatur.
409 1212 775 1290 quodcum*lnciperetur
786 1214 1053 1294 remittereturque,

97 1293 228 1357 omnium
242 1311 346 1356 rerum
367 1295 455 1356 etiam
474 1311 631 1375 parvarum
654 1303 775 1356 eventus
796 1296 1003 1375 proferebatur
1023 1300 1055 1359 in
1076 1369 1079 1375 ¹

96 1377 167 1439 dies.
201 1375 293 1439 altera
318 1378 448 1439 Romana
472 1386 580 1446 castra,
605 1395 681 1458 quae
701 1379 804 1457 viginti
824 1379 936 1442 milium
958 1384 1081 1461 spatior

95 1460 233 1532 aberant,
261 1471 292 1521 et
311 1460 440 1523 absentis
459 1461 588 1541 collegae
609 1462 731 1524 consilia
753 1462 889 1525 omnibns
916 1465 1053 1543 gerendis

95 1546 259 1607 intererant
269 1543 373 1613 rebus,
398 1546 596 1625 intentiorque
612 1545 770 1616 Carvilius,
790 1565 848 1627 quo
865 1549 978 1609 maiore
994 1550 1052 1610 dis·

96 1629 219 1691 crimlne
231 1645 280 1690 res
290 1626 475 1700 vertebatur,
491 1628 522 1690 ln
531 1628 716 1709 Aquiloniam
730 1648 817 1710 quam
828 1631 864 1692 ad
876 1632 1051 1703 Cominium,

98 1711 174 1790 quod
195 1710 363 1780 obsidebat,
384 1719 457 1774 erat.
507 1713 539 1774 L.
561 1713 710 1793 Papirius,
735 1716 794 1775 iam
820 1732 873 1794 per
892 1717 988 1778 omnia
1015 1715 1081 1777 odo

97 1793 294 1857 dimicandum
305 1796 374 1857 satis
388 1803 523 1876 paratus,
539 1798 674 1858 nuntium
689 1798 724 1859 ad
737 1796 879 1877 collegam
890 1801 979 1860 mittit
995 1799 1053 1862 sibi

96 1880 126 1941 in
145 1878 242 1941 culmo
258 1895 335 1949 esse,
351 1886 470 1958 postero
486 1880 548 1950 die,
565 1882 590 1940 si
604 1899 659 1960 per
670 1883 799 1961 auspicia
814 1880 931 1952 liceret,
949 1883 1051 1944 conili-

94 1979 165 2041 gere
183 1979 250 2024 cum
264 1963 363 2031 hoste:
386 1981 459 2042 opus
481 1980 546 2025 esse
569 1971 598 2024 et
615 1963 713 2033 illum,
733 1971 842 2044 quanta
862 1984 1000 2027 maxuma
1024 1968 1081 2027 vio

93 2052 209 2126 posset,
225 2045 390 2108 Cominium
405 2064 591 2126 oppugnare,
607 2064 645 2107 ne
661 2046 731 2125 quid
744 2046 903 2108 laxamenti
916 2050 954 2108 sit
969 2050 1051 2111 Sam·

94 2129 204 2192 ultibus
221 2129 258 2192 ad
278 2129 408 2191 subsidia
423 2128 607 2210 Aquilonfam
626 2130 778 2191 mittenda.
825 2129 903 2191 diem
924 2131 962 2191 ad
982 2150 1050 2210 pro·
1060 2139 1092 2192 to

93 2211 284 2275 ilciscendum
299 2214 420 2275 nuntius
432 2212 549 2282 babuit;
565 2221 652 2281 nocte
664 2212 765 2283 rediit,
783 2212 948 2292 adprobare
964 2214 1051 2274 colle·

94 2314 162 2375 gam
183 2296 315 2359 consulta
333 2296 476 2361 referens.
518 2297 654 2377 Papirius
670 2298 774 2358 nuntio
796 2297 884 2357 misso
903 2296 1049 2376 extemplo
1061 2305 1092 2356 11

94 2380 263 2442 conbanem
273 2380 396 2451 babuit;
411 2380 503 2443 multa
517 2381 554 2443 de
573 2382 711 2441 universo
734 2398 844 2458 genere
858 2378 941 2451 belli,
961 2379 1052 2442 mdia

94 2463 131 2526 de
144 2465 294 2544 praesenti
313 2465 441 2528 bostium
459 2471 614 2545 apparatu,
638 2481 711 2525 rana
732 2465 824 2543 magis
843 2465 943 2544 specie
963 2482 1051 2544 quam

93 2547 206 2609 efficaci
220 2547 259 2611 ad
281 2556 431 2621 eventum,
454 2549 605 2611 disseruit:
627 2552 786 2609 nonenim
807 2548 911 2610 cristas
930 2547 1051 2610 vulnera
1061 2555 1093 2607 12

92 2631 205 2703 facere,
225 2638 255 2692 et
268 2650 322 2711 per
336 2633 414 2712 picta
429 2639 516 2713 atque
530 2639 632 2697 aurata
643 2640 725 2695 scuta
747 2633 872 2694 transire
886 2632 1051 2695 Romanum

91 2714 194 2796 pilum,
208 2716 373 2779 etcandore
383 2718 550 2779 tunicarum
562 2715 722 2796 fulgentem
731 2719 833 2787 aciem,
846 2716 897 2778 ubi
910 2735 958 2778 res
969 2716 1050 2778 ferro

93 2806 230 2877 geratur,
246 2801 403 2861 cruentari.
435 2818 555 2863 amcam
569 2799 639 2862 olim
654 2808 740 2879 atque
752 2806 922 2879 argenteam
932 2799 1047 2861 Samni·
1060 2807 1093 2858 13

93 2883 167 2941 tium
182 2881 275 2941 aciem
290 2898 307 2940 a
320 2891 443 2960 parente
461 2902 514 2946 suo
530 2883 682 2945 occldlone
693 2885 833 2952 occisam,
849 2881 1002 2962 spoliaque
1016 2898 1051 2942 ea

93 2963 265 3023 honestiora
283 2964 386 3023 victori
407 2966 484 3029 hosti
507 2985 594 3047 quam
616 2967 688 3045 ipsis
708 2983 790 3027 arma
808 2965 907 3026 fuisse.
947 2963 1093 3024 detumit

93 3047 150 3107 boc
165 3044 266 3106 forsan
280 3046 393 3106 nomini
407 3048 591 3129 familiaeque
607 3068 692 3120 suae,
707 3055 741 3110 ut
754 3047 1050 3108 adversns'maxlnios

93 3138 216 3192 conatus
234 3128 410 3192 Samnitium
425 3140 644 3211 opponerentur
664 3133 754 3195 duces
776 3129 927 3211 spoliaque
948 3147 983 3192 ea
1001 3147 1050 3191 re·

93 3213 221 3284 ferrent,
243 3228 319 3294 quae
334 3214 459 3293 insignia
475 3213 601 3294 publicis
615 3217 703 3277 etiam
717 3214 791 3277 locis
808 3213 984 3275 decorandis
1004 3230 1050 3275 es·

93 3306 167 3360 sent.
191 3298 262 3361 deos
273 3296 554 3363 inmortalesadesse
564 3307 687 3379 propter
698 3300 807 3361 totiens
819 3297 910 3376 petita
917 3296 1045 3366 foedera,
1060 3304 1091 3357 ta

93 3384 200 3444 totiens
215 3391 317 3463 rupta:
332 3390 410 3455 tum,
431 3385 457 3446 ei
475 3401 532 3465 quo
552 3383 722 3444 conlectura
741 3383 849 3444 mentis
869 3381 984 3443 divinae
1002 3383 1049 3453 sit,

93 3464 163 3526 nulli
188 3484 327 3549 umquam
348 3469 490 3531 exercitui
510 3467 600 3530 fuisse
614 3466 794 3538 infestiores,
812 3483 903 3550 mam,
921 3467 970 3548 qui
997 3483 1047 3527 ne·
1060 3471 1092 3524 te
