<?xml version="1.0" encoding="UTF-8"?>
<!DOCTYPE html PUBLIC "-//W3C//DTD XHTML 1.0 Transitional//EN"
    "http://www.w3.org/TR/xhtml1/DTD/xhtml1-transitional.dtd">
<html xmlns="http://www.w3.org/1999/xhtml" xml:lang="en" lang="en">
 <head>
  <title>
</title>
<meta http-equiv="Content-Type" content="text/html;charset=utf-8" />
  <meta name='ocr-system' content='tesseract 3.04.00' />
  <meta name='ocr-capabilities' content='ocr_page ocr_carea ocr_par ocr_line ocrx_word'/>
</head>
<body>
  <div class='ocr_page' id='page_1' title='image "./aburbeconditali12livygoog_0066.png"; bbox 0 0 2575 4067; ppageno 0'>
   <div class='ocr_carea' id='block_1_1' title="bbox 261 224 1074 308">
    <p class='ocr_par' dir='ltr' id='par_1_1' title="bbox 261 224 1074 308">
     <span class='ocr_line' id='line_1_1' title="bbox 261 224 1074 308; baseline -0.011 -14"><span class='ocrx_word' id='word_1_1' title='bbox 261 233 303 295; x_wconf 85' lang='lat' dir='ltr'><strong>tto</strong></span> <span class='ocrx_word' id='word_1_2' title='bbox 400 245 495 289; x_wconf 80' lang='lat' dir='ltr'><strong>nmen</strong></span> <span class='ocrx_word' id='word_1_3' title='bbox 508 245 577 290; x_wconf 85' lang='lat' dir='ltr'><strong>vm.</strong></span> <span class='ocrx_word' id='word_1_4' title='bbox 589 243 658 288; x_wconf 79' lang='lat' dir='ltr'><strong>oar.</strong></span> <span class='ocrx_word' id='word_1_5' title='bbox 668 233 718 286; x_wconf 64' lang='lat' dir='ltr'><strong>xlo.</strong></span> <span class='ocrx_word' id='word_1_6' title='bbox 734 233 776 283; x_wconf 91' lang='lat'><strong>11.</strong></span> <span class='ocrx_word' id='word_1_7' title='bbox 793 225 834 307; x_wconf 88' lang='lat' dir='ltr'><strong>[a.</strong></span> <span class='ocrx_word' id='word_1_8' title='bbox 849 248 881 289; x_wconf 86' lang='lat' dir='ltr'><strong>u.</strong></span> <span class='ocrx_word' id='word_1_9' title='bbox 896 248 922 288; x_wconf 88' lang='lat' dir='ltr'><strong>c.</strong></span> <span class='ocrx_word' id='word_1_10' title='bbox 937 232 997 286; x_wconf 80' lang='lat' dir='ltr'><strong>ete.</strong></span> <span class='ocrx_word' id='word_1_11' title='bbox 1011 224 1074 308; x_wconf 75' lang='lat'>415]</span> 
     </span>
    </p>
   </div>
   <div class='ocr_carea' id='block_1_2' title="bbox 223 391 1270 3240">
    <p class='ocr_par' dir='ltr' id='par_1_2' title="bbox 223 391 1270 3240">
     <span class='ocr_line' id='line_1_2' title="bbox 223 391 1230 474; baseline 0.001 -19"><span class='ocrx_word' id='word_1_12' title='bbox 223 405 254 455; x_wconf 81' lang='lat'><strong>14</strong></span> <span class='ocrx_word' id='word_1_13' title='bbox 263 396 324 457; x_wconf 84' lang='lat' dir='ltr'><strong>sire</strong></span> <span class='ocrx_word' id='word_1_14' title='bbox 344 394 439 456; x_wconf 84' lang='lat' dir='ltr'><strong>hostia</strong></span> <span class='ocrx_word' id='word_1_15' title='bbox 459 394 519 455; x_wconf 82' lang='lat' dir='ltr'><strong>siae</strong></span> <span class='ocrx_word' id='word_1_16' title='bbox 533 411 591 473; x_wconf 90' lang='lat' dir='ltr'><strong>quo</strong></span> <span class='ocrx_word' id='word_1_17' title='bbox 611 391 668 454; x_wconf 89' lang='lat' dir='ltr'><strong>allo</strong></span> <span class='ocrx_word' id='word_1_18' title='bbox 686 393 777 464; x_wconf 84' lang='lat' dir='ltr'><strong>volet,</strong></span> <span class='ocrx_word' id='word_1_19' title='bbox 797 394 844 455; x_wconf 89' lang='lat' dir='ltr'><strong>ius</strong></span> <span class='ocrx_word' id='word_1_20' title='bbox 859 400 912 454; x_wconf 86' lang='lat' dir='ltr'><strong>est</strong></span> <span class='ocrx_word' id='word_1_21' title='bbox 945 392 1019 464; x_wconf 89' lang='lat' dir='ltr'><strong>taio,</strong></span> <span class='ocrx_word' id='word_1_22' title='bbox 1040 410 1130 473; x_wconf 90' lang='lat' dir='ltr'><strong>super</strong></span> <span class='ocrx_word' id='word_1_23' title='bbox 1142 395 1230 474; x_wconf 87' lang='lat' dir='ltr'><strong>quod</strong></span> 
     </span>
     <span class='ocr_line' id='line_1_3' title="bbox 262 475 1270 558; baseline -0.001 -18"><span class='ocrx_word' id='word_1_24' title='bbox 262 484 343 540; x_wconf 89' lang='lat' dir='ltr'><strong>stans</strong></span> <span class='ocrx_word' id='word_1_25' title='bbox 363 475 466 538; x_wconf 88' lang='lat' dir='ltr'><strong>consul</strong></span> <span class='ocrx_word' id='word_1_26' title='bbox 487 484 624 555; x_wconf 73' lang='lat' dir='ltr'><strong>precatus</strong></span> <span class='ocrx_word' id='word_1_27' title='bbox 640 484 698 548; x_wconf 88' lang='lat' dir='ltr'><strong>est,</strong></span> <span class='ocrx_word' id='word_1_28' title='bbox 720 477 838 539; x_wconf 78' lang='lat' dir='ltr'><strong>hostem</strong></span> <span class='ocrx_word' id='word_1_29' title='bbox 856 477 946 558; x_wconf 89' lang='lat' dir='ltr'><strong>potiri</strong></span> <span class='ocrx_word' id='word_1_30' title='bbox 962 475 1008 538; x_wconf 89' lang='lat' dir='ltr'><strong>fas</strong></span> <span class='ocrx_word' id='word_1_31' title='bbox 1028 494 1089 538; x_wconf 90' lang='lat' dir='ltr'><strong>non</strong></span> <span class='ocrx_word' id='word_1_32' title='bbox 1110 484 1173 546; x_wconf 89' lang='lat' dir='ltr'><strong>est;</strong></span> <span class='ocrx_word' id='word_1_33' title='bbox 1202 479 1230 539; x_wconf 88' lang='lat' dir='ltr'><strong>si</strong></span> <span class='ocrx_word' id='word_1_34' title='bbox 1268 539 1270 556; x_wconf 69' lang='grc'>,</span> 
     </span>
     <span class='ocr_line' id='line_1_4' title="bbox 236 556 1270 642; baseline 0.001 -21"><span class='ocrx_word' id='word_1_35' title='bbox 236 563 402 642; x_wconf 78' lang='lat' dir='ltr'><strong>spotiatur,</strong></span> <span class='ocrx_word' id='word_1_36' title='bbox 423 560 510 622; x_wconf 87' lang='lat' dir='ltr'><strong>Marti</strong></span> <span class='ocrx_word' id='word_1_37' title='bbox 526 559 769 622; x_wconf 81' lang='lat' dir='ltr'><strong>suovetaurilibus</strong></span> <span class='ocrx_word' id='word_1_38' title='bbox 783 559 932 640; x_wconf 79' lang='lat' dir='ltr'><strong>piaculum</strong></span> <span class='ocrx_word' id='word_1_39' title='bbox 950 556 1024 624; x_wconf 87' lang='lat' dir='ltr'><strong>ficri.</strong></span> <span class='ocrx_word' id='word_1_40' title='bbox 1052 560 1102 621; x_wconf 85' lang='lat' dir='ltr'><strong>xi.</strong></span> <span class='ocrx_word' id='word_1_41' title='bbox 1131 560 1229 631; x_wconf 85' lang='lat' dir='ltr'><strong>llaec,</strong></span> <span class='ocrx_word' id='word_1_42' title='bbox 1269 559 1270 570; x_wconf 54' lang='lat'>³</span> 
     </span>
     <span class='ocr_line' id='line_1_5' title="bbox 262 643 1231 724; baseline 0 -19"><span class='ocrx_word' id='word_1_43' title='bbox 262 647 317 707; x_wconf 89' lang='lat' dir='ltr'><strong>etsi</strong></span> <span class='ocrx_word' id='word_1_44' title='bbox 328 646 424 706; x_wconf 88' lang='lat' dir='ltr'><strong>omnis</strong></span> <span class='ocrx_word' id='word_1_45' title='bbox 441 643 532 704; x_wconf 83' lang='lat' dir='ltr'><strong>divini</strong></span> <span class='ocrx_word' id='word_1_46' title='bbox 546 643 726 724; x_wconf 88' lang='lat' dir='ltr'><strong>humanique</strong></span> <span class='ocrx_word' id='word_1_47' title='bbox 741 645 834 705; x_wconf 87' lang='lat' dir='ltr'><strong>rnoris</strong></span> <span class='ocrx_word' id='word_1_48' title='bbox 848 646 990 705; x_wconf 88' lang='lat' dir='ltr'><strong>memoria</strong></span> <span class='ocrx_word' id='word_1_49' title='bbox 1004 643 1131 706; x_wconf 81' lang='lat' dir='ltr'><strong>abolevit</strong></span> <span class='ocrx_word' id='word_1_50' title='bbox 1148 662 1231 705; x_wconf 86' lang='lat' dir='ltr'><strong>nova</strong></span> 
     </span>
     <span class='ocr_line' id='line_1_6' title="bbox 262 727 1230 810; baseline -0.002 -20"><span class='ocrx_word' id='word_1_51' title='bbox 262 731 478 810; x_wconf 76' lang='lat' dir='ltr'><strong>peregrinaque</strong></span> <span class='ocrx_word' id='word_1_52' title='bbox 492 728 591 789; x_wconf 77' lang='lat' dir='ltr'><strong>omnIa</strong></span> <span class='ocrx_word' id='word_1_53' title='bbox 608 728 715 807; x_wconf 90' lang='lat' dir='ltr'><strong>priscis</strong></span> <span class='ocrx_word' id='word_1_54' title='bbox 734 745 770 789; x_wconf 88' lang='lat' dir='ltr'><strong>ac</strong></span> <span class='ocrx_word' id='word_1_55' title='bbox 789 729 892 808; x_wconf 88' lang='lat' dir='ltr'><strong>patriis</strong></span> <span class='ocrx_word' id='word_1_56' title='bbox 910 727 1122 808; x_wconf 84' lang='lat' dir='ltr'><strong>praeferendo,</strong></span> <span class='ocrx_word' id='word_1_57' title='bbox 1143 727 1230 789; x_wconf 89' lang='lat' dir='ltr'><strong>haud</strong></span> 
     </span>
     <span class='ocr_line' id='line_1_7' title="bbox 261 810 1230 892; baseline -0.003 -18"><span class='ocrx_word' id='word_1_58' title='bbox 261 812 298 874; x_wconf 87' lang='lat' dir='ltr'><strong>ab</strong></span> <span class='ocrx_word' id='word_1_59' title='bbox 320 831 353 873; x_wconf 91' lang='lat' dir='ltr'><strong>re</strong></span> <span class='ocrx_word' id='word_1_60' title='bbox 370 812 440 874; x_wconf 88' lang='lat' dir='ltr'><strong>duxi</strong></span> <span class='ocrx_word' id='word_1_61' title='bbox 459 810 557 873; x_wconf 87' lang='lat' dir='ltr'><strong>verbis</strong></span> <span class='ocrx_word' id='word_1_62' title='bbox 569 829 686 891; x_wconf 90' lang='lat' dir='ltr'><strong>qnoque</strong></span> <span class='ocrx_word' id='word_1_63' title='bbox 707 811 793 892; x_wconf 89' lang='lat' dir='ltr'><strong>ipsis,</strong></span> <span class='ocrx_word' id='word_1_64' title='bbox 814 819 848 873; x_wconf 89' lang='lat' dir='ltr'><strong>ut</strong></span> <span class='ocrx_word' id='word_1_65' title='bbox 866 811 972 873; x_wconf 87' lang='lat' dir='ltr'><strong>tradita</strong></span> <span class='ocrx_word' id='word_1_66' title='bbox 995 819 1230 892; x_wconf 80' lang='lat' dir='ltr'><strong>nuncupataque</strong></span> 
     </span>
     <span class='ocr_line' id='line_1_8' title="bbox 232 894 1229 976; baseline -0.002 -17"><span class='ocrx_word' id='word_1_67' title='bbox 232 904 345 967; x_wconf 71' lang='lat' dir='ltr'><strong>nsunt,</strong></span> <span class='ocrx_word' id='word_1_68' title='bbox 358 895 481 958; x_wconf 88' lang='lat' dir='ltr'><strong>referre.</strong></span> <span class='ocrx_word' id='word_1_69' title='bbox 502 896 642 958; x_wconf 86' lang='lat' dir='ltr'><strong>Romanis</strong></span> <span class='ocrx_word' id='word_1_70' title='bbox 653 902 720 976; x_wconf 87' lang='lat' dir='ltr'><strong>post</strong></span> <span class='ocrx_word' id='word_1_71' title='bbox 730 894 877 976; x_wconf 89' lang='lat' dir='ltr'><strong>proelium</strong></span> <span class='ocrx_word' id='word_1_72' title='bbox 889 895 1127 958; x_wconf 88' lang='lat' dir='ltr'><strong>demnmfactum</strong></span> <span class='ocrx_word' id='word_1_73' title='bbox 1139 896 1229 957; x_wconf 86' lang='lat' dir='ltr'><strong>Sam·</strong></span> 
     </span>
     <span class='ocr_line' id='line_1_9' title="bbox 261 978 1228 1060; baseline -0.003 -18"><span class='ocrx_word' id='word_1_74' title='bbox 261 982 336 1042; x_wconf 90' lang='lat' dir='ltr'><strong>nites</strong></span> <span class='ocrx_word' id='word_1_75' title='bbox 351 981 466 1041; x_wconf 83' lang='lat' dir='ltr'><strong>venisse</strong></span> <span class='ocrx_word' id='word_1_76' title='bbox 479 978 610 1041; x_wconf 86' lang='lat' dir='ltr'><strong>subsidio</strong></span> <span class='ocrx_word' id='word_1_77' title='bbox 626 987 778 1059; x_wconf 87' lang='lat' dir='ltr'><strong>expectato</strong></span> <span class='ocrx_word' id='word_1_78' title='bbox 792 985 899 1041; x_wconf 79' lang='lat' dir='ltr'><strong>eventu</strong></span> <span class='ocrx_word' id='word_1_79' title='bbox 913 997 1030 1060; x_wconf 79' lang='lat' dir='ltr'><strong>pugnae</strong></span> <span class='ocrx_word' id='word_1_80' title='bbox 1041 978 1120 1060; x_wconf 89' lang='lat' dir='ltr'><strong>apud</strong></span> <span class='ocrx_word' id='word_1_81' title='bbox 1134 996 1228 1059; x_wconf 88' lang='lat' dir='ltr'><strong>quos·</strong></span> 
     </span>
     <span class='ocr_line' id='line_1_10' title="bbox 233 1062 1227 1144; baseline 0.003 -22"><span class='ocrx_word' id='word_1_82' title='bbox 233 1064 328 1125; x_wconf 73' lang='lat' dir='ltr'><strong>adam</strong></span> <span class='ocrx_word' id='word_1_83' title='bbox 349 1072 484 1126; x_wconf 83' lang='lat' dir='ltr'><strong>auctores</strong></span> <span class='ocrx_word' id='word_1_84' title='bbox 504 1063 631 1124; x_wconf 83' lang='lat' dir='ltr'><strong>invenio.</strong></span> <span class='ocrx_word' id='word_1_85' title='bbox 663 1063 775 1124; x_wconf 89' lang='lat' dir='ltr'><strong>Latlnls</strong></span> <span class='ocrx_word' id='word_1_86' title='bbox 798 1080 915 1144; x_wconf 90' lang='lat' dir='ltr'><strong>quoque</strong></span> <span class='ocrx_word' id='word_1_87' title='bbox 936 1063 973 1124; x_wconf 88' lang='lat' dir='ltr'><strong>ab</strong></span> <span class='ocrx_word' id='word_1_88' title='bbox 987 1062 1118 1125; x_wconf 66' lang='lat' dir='ltr'><strong>haurio</strong></span> <span class='ocrx_word' id='word_1_89' title='bbox 1140 1064 1227 1125; x_wconf 81' lang='lat' dir='ltr'><strong>auxi·</strong></span> 
     </span>
     <span class='ocr_line' id='line_1_11' title="bbox 261 1145 1226 1227; baseline -0.002 -19"><span class='ocrx_word' id='word_1_90' title='bbox 261 1147 349 1218; x_wconf 78' lang='lat' dir='ltr'><strong>dum,</strong></span> <span class='ocrx_word' id='word_1_91' title='bbox 368 1147 439 1209; x_wconf 89' lang='lat' dir='ltr'><strong>dum</strong></span> <span class='ocrx_word' id='word_1_92' title='bbox 453 1145 645 1208; x_wconf 85' lang='lat' dir='ltr'><strong>deliberando</strong></span> <span class='ocrx_word' id='word_1_93' title='bbox 662 1153 762 1208; x_wconf 88' lang='lat' dir='ltr'><strong>terunt</strong></span> <span class='ocrx_word' id='word_1_94' title='bbox 775 1154 907 1227; x_wconf 83' lang='lat' dir='ltr'><strong>tempus,</strong></span> <span class='ocrx_word' id='word_1_95' title='bbox 921 1148 1005 1209; x_wconf 73' lang='lat' dir='ltr'><strong>victis</strong></span> <span class='ocrx_word' id='word_1_96' title='bbox 1016 1146 1136 1208; x_wconf 90' lang='lat' dir='ltr'><strong>demum</strong></span> <span class='ocrx_word' id='word_1_97' title='bbox 1151 1147 1226 1207; x_wconf 88' lang='lat' dir='ltr'><strong>ferri</strong></span> 
     </span>
     <span class='ocr_line' id='line_1_12' title="bbox 234 1230 1227 1313; baseline 0.002 -24"><span class='ocrx_word' id='word_1_98' title='bbox 234 1239 409 1313; x_wconf 73' lang='lat' dir='ltr'><strong>acceptum.</strong></span> <span class='ocrx_word' id='word_1_99' title='bbox 435 1239 547 1293; x_wconf 86' lang='lat' dir='ltr'><strong>etcum</strong></span> <span class='ocrx_word' id='word_1_100' title='bbox 566 1231 626 1293; x_wconf 89' lang='lat' dir='ltr'><strong>iam</strong></span> <span class='ocrx_word' id='word_1_101' title='bbox 641 1230 735 1311; x_wconf 86' lang='lat' dir='ltr'><strong>portis</strong></span> <span class='ocrx_word' id='word_1_102' title='bbox 750 1232 846 1310; x_wconf 88' lang='lat' dir='ltr'><strong>prima</strong></span> <span class='ocrx_word' id='word_1_103' title='bbox 862 1231 946 1309; x_wconf 88' lang='lat' dir='ltr'><strong>signa</strong></span> <span class='ocrx_word' id='word_1_104' title='bbox 963 1238 992 1292; x_wconf 92' lang='lat' dir='ltr'><strong>et</strong></span> <span class='ocrx_word' id='word_1_105' title='bbox 1012 1248 1083 1311; x_wconf 91' lang='lat' dir='ltr'><strong>pars</strong></span> <span class='ocrx_word' id='word_1_106' title='bbox 1098 1231 1227 1309; x_wconf 83' lang='lat' dir='ltr'><strong>agminis</strong></span> 
     </span>
     <span class='ocr_line' id='line_1_13' title="bbox 262 1312 1227 1395; baseline -0.002 -18"><span class='ocrx_word' id='word_1_107' title='bbox 262 1323 340 1378; x_wconf 88' lang='lat' dir='ltr'><strong>esset</strong></span> <span class='ocrx_word' id='word_1_108' title='bbox 353 1333 486 1395; x_wconf 89' lang='lat' dir='ltr'><strong>egressa,</strong></span> <span class='ocrx_word' id='word_1_109' title='bbox 502 1316 607 1377; x_wconf 88' lang='lat' dir='ltr'><strong>nuntio</strong></span> <span class='ocrx_word' id='word_1_110' title='bbox 622 1313 718 1376; x_wconf 90' lang='lat' dir='ltr'><strong>adlato</strong></span> <span class='ocrx_word' id='word_1_111' title='bbox 734 1314 770 1375; x_wconf 91' lang='lat' dir='ltr'><strong>de</strong></span> <span class='ocrx_word' id='word_1_112' title='bbox 786 1312 868 1375; x_wconf 88' lang='lat' dir='ltr'><strong>clade</strong></span> <span class='ocrx_word' id='word_1_113' title='bbox 880 1313 1052 1376; x_wconf 86' lang='lat' dir='ltr'><strong>Latinorum</strong></span> <span class='ocrx_word' id='word_1_114' title='bbox 1068 1332 1138 1375; x_wconf 91' lang='lat' dir='ltr'><strong>cum</strong></span> <span class='ocrx_word' id='word_1_115' title='bbox 1152 1332 1227 1376; x_wconf 90' lang='lat' dir='ltr'><strong>con·</strong></span> 
     </span>
     <span class='ocr_line' id='line_1_14' title="bbox 263 1397 1227 1478; baseline 0 -20"><span class='ocrx_word' id='word_1_116' title='bbox 263 1401 353 1462; x_wconf 83' lang='lat' dir='ltr'><strong>versis</strong></span> <span class='ocrx_word' id='word_1_117' title='bbox 368 1401 459 1478; x_wconf 89' lang='lat' dir='ltr'><strong>signis</strong></span> <span class='ocrx_word' id='word_1_118' title='bbox 473 1405 555 1460; x_wconf 88' lang='lat' dir='ltr'><strong>retro</strong></span> <span class='ocrx_word' id='word_1_119' title='bbox 575 1399 606 1459; x_wconf 90' lang='lat' dir='ltr'><strong>in</strong></span> <span class='ocrx_word' id='word_1_120' title='bbox 620 1397 726 1459; x_wconf 87' lang='lat' dir='ltr'><strong>urbem</strong></span> <span class='ocrx_word' id='word_1_121' title='bbox 749 1397 913 1470; x_wconf 88' lang='lat' dir='ltr'><strong>rediretur,</strong></span> <span class='ocrx_word' id='word_1_122' title='bbox 934 1405 1104 1478; x_wconf 88' lang='lat' dir='ltr'><strong>praetorem</strong></span> <span class='ocrx_word' id='word_1_123' title='bbox 1119 1415 1227 1459; x_wconf 90' lang='lat' dir='ltr'><strong>eorum</strong></span> 
     </span>
     <span class='ocr_line' id='line_1_15' title="bbox 263 1480 1225 1562; baseline -0.001 -18"><span class='ocrx_word' id='word_1_124' title='bbox 263 1484 383 1545; x_wconf 89' lang='lat' dir='ltr'><strong>nomine</strong></span> <span class='ocrx_word' id='word_1_125' title='bbox 394 1481 557 1547; x_wconf 77' lang='lat' dir='ltr'><strong>liiiionInm</strong></span> <span class='ocrx_word' id='word_1_126' title='bbox 573 1481 682 1544; x_wconf 83' lang='lat' dir='ltr'><strong>dixisse</strong></span> <span class='ocrx_word' id='word_1_127' title='bbox 698 1481 810 1554; x_wconf 84' lang='lat' dir='ltr'><strong>ferunt,</strong></span> <span class='ocrx_word' id='word_1_128' title='bbox 826 1498 882 1562; x_wconf 92' lang='lat' dir='ltr'><strong>pro</strong></span> <span class='ocrx_word' id='word_1_129' title='bbox 893 1480 1010 1562; x_wconf 89' lang='lat' dir='ltr'><strong>paulula</strong></span> <span class='ocrx_word' id='word_1_130' title='bbox 1023 1482 1070 1543; x_wconf 80' lang='lat' dir='ltr'><strong>via</strong></span> <span class='ocrx_word' id='word_1_131' title='bbox 1084 1498 1225 1561; x_wconf 83' lang='lat' dir='ltr'><strong>magnam</strong></span> 
     </span>
     <span class='ocr_line' id='line_1_16' title="bbox 263 1564 863 1628; baseline -0.005 0"><span class='ocrx_word' id='word_1_132' title='bbox 263 1564 432 1628; x_wconf 84' lang='lat' dir='ltr'><strong>mercedem</strong></span> <span class='ocrx_word' id='word_1_133' title='bbox 451 1583 516 1628; x_wconf 88' lang='lat' dir='ltr'><strong>esse</strong></span> <span class='ocrx_word' id='word_1_134' title='bbox 530 1566 671 1627; x_wconf 85' lang='lat' dir='ltr'><strong>Romanis</strong></span> <span class='ocrx_word' id='word_1_135' title='bbox 684 1564 863 1627; x_wconf 80' lang='lat' dir='ltr'><strong>solvendam.</strong></span> 
     </span>
     <span class='ocr_line' id='line_1_17' title="bbox 236 1648 1226 1730; baseline 0.001 -23"><span class='ocrx_word' id='word_1_136' title='bbox 236 1655 252 1707; x_wconf 84' lang='lat' dir='ltr'><strong>t</strong></span> <span class='ocrx_word' id='word_1_137' title='bbox 326 1648 382 1720; x_wconf 82' lang='lat' dir='ltr'><strong>Qut</strong></span> <span class='ocrx_word' id='word_1_138' title='bbox 393 1649 565 1711; x_wconf 87' lang='lat' dir='ltr'><strong>Latinorum</strong></span> <span class='ocrx_word' id='word_1_139' title='bbox 585 1666 703 1730; x_wconf 83' lang='lat' dir='ltr'><strong>pugnae</strong></span> <span class='ocrx_word' id='word_1_140' title='bbox 722 1648 930 1729; x_wconf 82' lang='lat' dir='ltr'><strong>superfuerant</strong></span> <span class='ocrx_word' id='word_1_141' title='bbox 951 1648 1051 1711; x_wconf 88' lang='lat' dir='ltr'><strong>multis</strong></span> <span class='ocrx_word' id='word_1_142' title='bbox 1067 1648 1226 1711; x_wconf 86' lang='lat' dir='ltr'><strong>itineribus</strong></span> 
     </span>
     <span class='ocr_line' id='line_1_18' title="bbox 263 1731 1227 1813; baseline 0.001 -20"><span class='ocrx_word' id='word_1_143' title='bbox 263 1732 395 1813; x_wconf 90' lang='lat' dir='ltr'><strong>dissipati</strong></span> <span class='ocrx_word' id='word_1_144' title='bbox 411 1750 479 1794; x_wconf 94' lang='lat' dir='ltr'><strong>cum</strong></span> <span class='ocrx_word' id='word_1_145' title='bbox 493 1752 526 1795; x_wconf 93' lang='lat' dir='ltr'><strong>se</strong></span> <span class='ocrx_word' id='word_1_146' title='bbox 545 1734 576 1794; x_wconf 87' lang='lat' dir='ltr'><strong>in</strong></span> <span class='ocrx_word' id='word_1_147' title='bbox 597 1750 690 1795; x_wconf 89' lang='lat' dir='ltr'><strong>unnm</strong></span> <span class='ocrx_word' id='word_1_148' title='bbox 713 1731 952 1812; x_wconf 87' lang='lat' dir='ltr'><strong>conglobasscnt,</strong></span> <span class='ocrx_word' id='word_1_149' title='bbox 972 1734 1075 1796; x_wconf 88' lang='lat' dir='ltr'><strong>Vescia</strong></span> <span class='ocrx_word' id='word_1_150' title='bbox 1091 1731 1165 1793; x_wconf 91' lang='lat' dir='ltr'><strong>urbs</strong></span> <span class='ocrx_word' id='word_1_151' title='bbox 1182 1734 1227 1794; x_wconf 89' lang='lat' dir='ltr'><strong>cis</strong></span> 
     </span>
     <span class='ocr_line' id='line_1_19' title="bbox 239 1814 1227 1897; baseline 0.001 -21"><span class='ocrx_word' id='word_1_152' title='bbox 239 1815 485 1896; x_wconf 83' lang='lat' dir='ltr'><strong>treceptaculum</strong></span> <span class='ocrx_word' id='word_1_153' title='bbox 508 1815 572 1878; x_wconf 89' lang='lat' dir='ltr'><strong>fuit.</strong></span> <span class='ocrx_word' id='word_1_154' title='bbox 608 1814 651 1877; x_wconf 89' lang='lat' dir='ltr'><strong>ibi</strong></span> <span class='ocrx_word' id='word_1_155' title='bbox 673 1816 706 1876; x_wconf 92' lang='lat' dir='ltr'><strong>in</strong></span> <span class='ocrx_word' id='word_1_156' title='bbox 732 1814 865 1877; x_wconf 88' lang='lat' dir='ltr'><strong>conciliis</strong></span> <span class='ocrx_word' id='word_1_157' title='bbox 887 1816 1037 1878; x_wconf 89' lang='lat' dir='ltr'><strong>Numisius</strong></span> <span class='ocrx_word' id='word_1_158' title='bbox 1060 1818 1227 1897; x_wconf 86' lang='lat' dir='ltr'><strong>imperator</strong></span> 
     </span>
     <span class='ocr_line' id='line_1_20' title="bbox 264 1899 1226 1966; baseline 0 -5"><span class='ocrx_word' id='word_1_159' title='bbox 264 1918 367 1961; x_wconf 89' lang='lat' dir='ltr'><strong>eornm</strong></span> <span class='ocrx_word' id='word_1_160' title='bbox 390 1899 572 1961; x_wconf 89' lang='lat' dir='ltr'><strong>adfirmando</strong></span> <span class='ocrx_word' id='word_1_161' title='bbox 593 1916 781 1966; x_wconf 87' lang='lat' dir='ltr'><strong>communem</strong></span> <span class='ocrx_word' id='word_1_162' title='bbox 798 1918 868 1962; x_wconf 88' lang='lat' dir='ltr'><strong>vere</strong></span> <span class='ocrx_word' id='word_1_163' title='bbox 882 1899 1007 1963; x_wconf 85' lang='lat' dir='ltr'><strong>Martem</strong></span> <span class='ocrx_word' id='word_1_164' title='bbox 1025 1899 1096 1962; x_wconf 85' lang='lat' dir='ltr'><strong>belli</strong></span> <span class='ocrx_word' id='word_1_165' title='bbox 1111 1908 1226 1961; x_wconf 90' lang='lat' dir='ltr'><strong>utram·</strong></span> 
     </span>
     <span class='ocr_line' id='line_1_21' title="bbox 264 1983 1226 2064; baseline -0.001 -19"><span class='ocrx_word' id='word_1_166' title='bbox 264 2001 321 2064; x_wconf 90' lang='lat' dir='ltr'><strong>que</strong></span> <span class='ocrx_word' id='word_1_167' title='bbox 342 1984 435 2047; x_wconf 85' lang='lat' dir='ltr'><strong>aciem</strong></span> <span class='ocrx_word' id='word_1_168' title='bbox 459 1986 524 2064; x_wconf 89' lang='lat' dir='ltr'><strong>pari</strong></span> <span class='ocrx_word' id='word_1_169' title='bbox 545 1983 635 2045; x_wconf 87' lang='lat' dir='ltr'><strong>caede</strong></span> <span class='ocrx_word' id='word_1_170' title='bbox 659 1985 868 2063; x_wconf 86' lang='lat' dir='ltr'><strong>prostravisse,</strong></span> <span class='ocrx_word' id='word_1_171' title='bbox 897 1984 1096 2064; x_wconf 83' lang='lat' dir='ltr'><strong>victoriaeque</strong></span> <span class='ocrx_word' id='word_1_172' title='bbox 1113 2001 1226 2045; x_wconf 88' lang='lat' dir='ltr'><strong>nomen</strong></span> 
     </span>
     <span class='ocr_line' id='line_1_22' title="bbox 264 2066 1227 2149; baseline -0.003 -19"><span class='ocrx_word' id='word_1_173' title='bbox 264 2073 378 2130; x_wconf 87' lang='lat' dir='ltr'><strong>tantum</strong></span> <span class='ocrx_word' id='word_1_174' title='bbox 394 2085 485 2149; x_wconf 88' lang='lat' dir='ltr'><strong>penes</strong></span> <span class='ocrx_word' id='word_1_175' title='bbox 497 2067 648 2131; x_wconf 86' lang='lat' dir='ltr'><strong>Romanos</strong></span> <span class='ocrx_word' id='word_1_176' title='bbox 662 2085 742 2141; x_wconf 88' lang='lat' dir='ltr'><strong>esse,</strong></span> <span class='ocrx_word' id='word_1_177' title='bbox 765 2076 894 2129; x_wconf 90' lang='lat' dir='ltr'><strong>ceteram</strong></span> <span class='ocrx_word' id='word_1_178' title='bbox 907 2085 963 2148; x_wconf 92' lang='lat' dir='ltr'><strong>pro</strong></span> <span class='ocrx_word' id='word_1_179' title='bbox 977 2068 1061 2129; x_wconf 87' lang='lat' dir='ltr'><strong>victis</strong></span> <span class='ocrx_word' id='word_1_180' title='bbox 1074 2066 1227 2129; x_wconf 87' lang='lat' dir='ltr'><strong>fortunam</strong></span> 
     </span>
     <span class='ocr_line' id='line_1_23' title="bbox 236 2149 1226 2232; baseline -0.002 -18"><span class='ocrx_word' id='word_1_181' title='bbox 236 2157 295 2214; x_wconf 83' lang='lat' dir='ltr'><strong>&#39;iet</strong></span> <span class='ocrx_word' id='word_1_182' title='bbox 311 2151 377 2215; x_wconf 91' lang='lat' dir='ltr'><strong>illos</strong></span> <span class='ocrx_word' id='word_1_183' title='bbox 392 2169 512 2232; x_wconf 86' lang='lat' dir='ltr'><strong>gerere;</strong></span> <span class='ocrx_word' id='word_1_184' title='bbox 535 2152 651 2216; x_wconf 89' lang='lat' dir='ltr'><strong>funesta</strong></span> <span class='ocrx_word' id='word_1_185' title='bbox 667 2151 726 2214; x_wconf 92' lang='lat' dir='ltr'><strong>dno</strong></span> <span class='ocrx_word' id='word_1_186' title='bbox 743 2149 897 2214; x_wconf 88' lang='lat' dir='ltr'><strong>consulum</strong></span> <span class='ocrx_word' id='word_1_187' title='bbox 911 2153 1075 2232; x_wconf 85' lang='lat' dir='ltr'><strong>praetoria,</strong></span> <span class='ocrx_word' id='word_1_188' title='bbox 1098 2150 1226 2212; x_wconf 88' lang='lat' dir='ltr'><strong>alterum</strong></span> 
     </span>
     <span class='ocr_line' id='line_1_24' title="bbox 265 2234 1227 2318; baseline -0.003 -20"><span class='ocrx_word' id='word_1_189' title='bbox 265 2237 423 2318; x_wconf 90' lang='lat' dir='ltr'><strong>parricidio</strong></span> <span class='ocrx_word' id='word_1_190' title='bbox 441 2236 507 2310; x_wconf 85' lang='lat' dir='ltr'><strong>filii,</strong></span> <span class='ocrx_word' id='word_1_191' title='bbox 529 2235 653 2299; x_wconf 87' lang='lat' dir='ltr'><strong>alterum</strong></span> <span class='ocrx_word' id='word_1_192' title='bbox 668 2235 798 2297; x_wconf 91' lang='lat' dir='ltr'><strong>consulis</strong></span> <span class='ocrx_word' id='word_1_193' title='bbox 811 2234 909 2296; x_wconf 80' lang='lat' dir='ltr'><strong>devoti</strong></span> <span class='ocrx_word' id='word_1_194' title='bbox 926 2235 1030 2304; x_wconf 81' lang='lat' dir='ltr'><strong>caede:</strong></span> <span class='ocrx_word' id='word_1_195' title='bbox 1046 2234 1227 2296; x_wconf 85' lang='lat' dir='ltr'><strong>trucidatum</strong></span> 
     </span>
     <span class='ocr_line' id='line_1_25' title="bbox 266 2320 1226 2400; baseline -0.003 -18"><span class='ocrx_word' id='word_1_196' title='bbox 266 2322 428 2383; x_wconf 82' lang='lat' dir='ltr'><strong>exercitum</strong></span> <span class='ocrx_word' id='word_1_197' title='bbox 445 2339 578 2393; x_wconf 89' lang='lat' dir='ltr'><strong>omnem,</strong></span> <span class='ocrx_word' id='word_1_198' title='bbox 596 2339 697 2386; x_wconf 87' lang='lat' dir='ltr'><strong>caesos</strong></span> <span class='ocrx_word' id='word_1_199' title='bbox 713 2320 842 2381; x_wconf 86' lang='lat' dir='ltr'><strong>hastatos</strong></span> <span class='ocrx_word' id='word_1_200' title='bbox 855 2320 1078 2400; x_wconf 83' lang='lat' dir='ltr'><strong>principesque,</strong></span> <span class='ocrx_word' id='word_1_201' title='bbox 1094 2326 1226 2398; x_wconf 89' lang='lat' dir='ltr'><strong>stragem</strong></span> 
     </span>
     <span class='ocr_line' id='line_1_26' title="bbox 266 2403 1227 2485; baseline -0.003 -19"><span class='ocrx_word' id='word_1_202' title='bbox 266 2413 295 2466; x_wconf 91' lang='lat' dir='ltr'><strong>et</strong></span> <span class='ocrx_word' id='word_1_203' title='bbox 309 2413 377 2467; x_wconf 92' lang='lat' dir='ltr'><strong>ante</strong></span> <span class='ocrx_word' id='word_1_204' title='bbox 391 2406 474 2484; x_wconf 87' lang='lat' dir='ltr'><strong>signa</strong></span> <span class='ocrx_word' id='word_1_205' title='bbox 490 2413 519 2467; x_wconf 90' lang='lat' dir='ltr'><strong>et</strong></span> <span class='ocrx_word' id='word_1_206' title='bbox 533 2412 600 2485; x_wconf 90' lang='lat' dir='ltr'><strong>post</strong></span> <span class='ocrx_word' id='word_1_207' title='bbox 613 2406 697 2485; x_wconf 87' lang='lat' dir='ltr'><strong>signa</strong></span> <span class='ocrx_word' id='word_1_208' title='bbox 713 2403 834 2474; x_wconf 88' lang='lat' dir='ltr'><strong>factam,</strong></span> <span class='ocrx_word' id='word_1_209' title='bbox 860 2403 978 2466; x_wconf 90' lang='lat' dir='ltr'><strong>triarios</strong></span> <span class='ocrx_word' id='word_1_210' title='bbox 992 2410 1143 2484; x_wconf 88' lang='lat' dir='ltr'><strong>postremo</strong></span> <span class='ocrx_word' id='word_1_211' title='bbox 1159 2420 1227 2464; x_wconf 92' lang='lat' dir='ltr'><strong>rem</strong></span> 
     </span>
     <span class='ocr_line' id='line_1_27' title="bbox 238 2486 1226 2568; baseline -0.001 -22"><span class='ocrx_word' id='word_1_212' title='bbox 238 2490 444 2558; x_wconf 67' lang='lat' dir='ltr'><strong>trestitnissm</strong></span> <span class='ocrx_word' id='word_1_213' title='bbox 469 2488 640 2550; x_wconf 85' lang='lat' dir='ltr'><strong>Latinorum</strong></span> <span class='ocrx_word' id='word_1_214' title='bbox 667 2488 721 2548; x_wconf 88' lang='lat' dir='ltr'><strong>etsi</strong></span> <span class='ocrx_word' id='word_1_215' title='bbox 747 2488 860 2568; x_wconf 88' lang='lat' dir='ltr'><strong>pariter</strong></span> <span class='ocrx_word' id='word_1_216' title='bbox 885 2486 1002 2549; x_wconf 86' lang='lat' dir='ltr'><strong>adelsae</strong></span> <span class='ocrx_word' id='word_1_217' title='bbox 1027 2487 1130 2568; x_wconf 89' lang='lat' dir='ltr'><strong>copiae</strong></span> <span class='ocrx_word' id='word_1_218' title='bbox 1155 2487 1226 2556; x_wconf 79' lang='lat' dir='ltr'><strong>sint</strong></span> 
     </span>
     <span class='ocr_line' id='line_1_28' title="bbox 265 2567 1228 2651; baseline 0.002 -21"><span class='ocrx_word' id='word_1_219' title='bbox 265 2578 364 2632; x_wconf 89' lang='lat' dir='ltr'><strong>tamen</strong></span> <span class='ocrx_word' id='word_1_220' title='bbox 385 2569 589 2650; x_wconf 88' lang='lat' dir='ltr'><strong>supplemento</strong></span> <span class='ocrx_word' id='word_1_221' title='bbox 610 2569 786 2632; x_wconf 73' lang='lat' dir='ltr'><strong>cellotium</strong></span> <span class='ocrx_word' id='word_1_222' title='bbox 806 2572 928 2651; x_wconf 89' lang='lat' dir='ltr'><strong>propius</strong></span> <span class='ocrx_word' id='word_1_223' title='bbox 951 2589 1016 2632; x_wconf 91' lang='lat' dir='ltr'><strong>esse</strong></span> <span class='ocrx_word' id='word_1_224' title='bbox 1038 2570 1085 2631; x_wconf 85' lang='lat' dir='ltr'><strong>vel</strong></span> <span class='ocrx_word' id='word_1_225' title='bbox 1104 2567 1228 2632; x_wconf 88' lang='lat' dir='ltr'><strong>Volscos</strong></span> 
     </span>
     <span class='ocr_line' id='line_1_29' title="bbox 238 2652 1229 2733; baseline 0.003 -22"><span class='ocrx_word' id='word_1_226' title='bbox 238 2659 353 2733; x_wconf 76' lang='lat' dir='ltr'><strong>tiquam</strong></span> <span class='ocrx_word' id='word_1_227' title='bbox 367 2652 505 2715; x_wconf 82' lang='lat' dir='ltr'><strong>Romam:</strong></span> <span class='ocrx_word' id='word_1_228' title='bbox 524 2686 560 2698; x_wconf 93' lang='lat'><em>-</em></span> <span class='ocrx_word' id='word_1_229' title='bbox 579 2654 692 2733; x_wconf 84' lang='lat' dir='ltr'><strong>itaque,</strong></span> <span class='ocrx_word' id='word_1_230' title='bbox 711 2655 737 2716; x_wconf 89' lang='lat' dir='ltr'><strong>si</strong></span> <span class='ocrx_word' id='word_1_231' title='bbox 752 2654 885 2716; x_wconf 84' lang='lat' dir='ltr'><strong>videatur</strong></span> <span class='ocrx_word' id='word_1_232' title='bbox 898 2656 954 2727; x_wconf 89' lang='lat' dir='ltr'><strong>eis,</strong></span> <span class='ocrx_word' id='word_1_233' title='bbox 971 2673 1003 2717; x_wconf 89' lang='lat' dir='ltr'><strong>sa</strong></span> <span class='ocrx_word' id='word_1_234' title='bbox 1018 2674 1055 2716; x_wconf 83' lang='lat' dir='ltr'><strong>ar</strong></span> <span class='ocrx_word' id='word_1_235' title='bbox 1069 2655 1182 2717; x_wconf 87' lang='lat' dir='ltr'><strong>Latinis</strong></span> <span class='ocrx_word' id='word_1_236' title='bbox 1197 2660 1229 2715; x_wconf 90' lang='lat' dir='ltr'><strong>et</strong></span> 
     </span>
     <span class='ocr_line' id='line_1_30' title="bbox 267 2735 1227 2819; baseline 0 -22"><span class='ocrx_word' id='word_1_237' title='bbox 267 2754 303 2798; x_wconf 85' lang='lat' dir='ltr'><strong>ex</strong></span> <span class='ocrx_word' id='word_1_238' title='bbox 317 2735 428 2799; x_wconf 89' lang='lat' dir='ltr'><strong>Volscis</strong></span> <span class='ocrx_word' id='word_1_239' title='bbox 447 2735 563 2818; x_wconf 88' lang='lat' dir='ltr'><strong>populis</strong></span> <span class='ocrx_word' id='word_1_240' title='bbox 581 2736 731 2799; x_wconf 79' lang='lat' dir='ltr'><strong>inventute</strong></span> <span class='ocrx_word' id='word_1_241' title='bbox 747 2756 875 2819; x_wconf 88' lang='lat' dir='ltr'><strong>propera</strong></span> <span class='ocrx_word' id='word_1_242' title='bbox 890 2741 983 2800; x_wconf 83' lang='lat' dir='ltr'><strong>excita</strong></span> <span class='ocrx_word' id='word_1_243' title='bbox 997 2738 1164 2800; x_wconf 86' lang='lat' dir='ltr'><strong>rediturum</strong></span> <span class='ocrx_word' id='word_1_244' title='bbox 1180 2739 1227 2798; x_wconf 90' lang='lat' dir='ltr'><strong>in·</strong></span> 
     </span>
     <span class='ocr_line' id='line_1_31' title="bbox 266 2820 1227 2902; baseline 0.002 -22"><span class='ocrx_word' id='word_1_245' title='bbox 266 2820 341 2882; x_wconf 93' lang='lat' dir='ltr'><strong>festo</strong></span> <span class='ocrx_word' id='word_1_246' title='bbox 356 2820 487 2883; x_wconf 85' lang='lat' dir='ltr'><strong>exercitu</strong></span> <span class='ocrx_word' id='word_1_247' title='bbox 502 2821 631 2901; x_wconf 82' lang='lat' dir='ltr'><strong>Capuam</strong></span> <span class='ocrx_word' id='word_1_248' title='bbox 647 2837 725 2891; x_wconf 90' lang='lat' dir='ltr'><strong>esse,</strong></span> <span class='ocrx_word' id='word_1_249' title='bbox 741 2822 947 2902; x_wconf 87' lang='lat' dir='ltr'><strong>Romanosque</strong></span> <span class='ocrx_word' id='word_1_250' title='bbox 962 2822 1037 2884; x_wconf 89' lang='lat' dir='ltr'><strong>nihil</strong></span> <span class='ocrx_word' id='word_1_251' title='bbox 1051 2830 1114 2884; x_wconf 89' lang='lat' dir='ltr'><strong>tum</strong></span> <span class='ocrx_word' id='word_1_252' title='bbox 1128 2822 1227 2882; x_wconf 90' lang='lat' dir='ltr'><strong>minus</strong></span> 
     </span>
     <span class='ocr_line' id='line_1_32' title="bbox 266 2902 1226 2987; baseline -0.002 -20"><span class='ocrx_word' id='word_1_253' title='bbox 266 2923 355 2987; x_wconf 89' lang='lat' dir='ltr'><strong>quam</strong></span> <span class='ocrx_word' id='word_1_254' title='bbox 379 2902 524 2985; x_wconf 90' lang='lat' dir='ltr'><strong>proellum</strong></span> <span class='ocrx_word' id='word_1_255' title='bbox 545 2911 733 2986; x_wconf 87' lang='lat' dir='ltr'><strong>expectantes</strong></span> <span class='ocrx_word' id='word_1_256' title='bbox 759 2906 933 2987; x_wconf 89' lang='lat' dir='ltr'><strong>necopinato</strong></span> <span class='ocrx_word' id='word_1_257' title='bbox 958 2906 1084 2968; x_wconf 85' lang='lat' dir='ltr'><strong>adventu</strong></span> <span class='ocrx_word' id='word_1_258' title='bbox 1108 2904 1226 2987; x_wconf 90' lang='lat' dir='ltr'><strong>percul-</strong></span> 
     </span>
     <span class='ocr_line' id='line_1_33' title="bbox 226 2986 1227 3071; baseline 0.005 -26"><span class='ocrx_word' id='word_1_259' title='bbox 226 2993 379 3051; x_wconf 81' lang='lat' dir='ltr'><strong>idsuram.</strong></span> <span class='ocrx_word' id='word_1_260' title='bbox 405 2986 557 3053; x_wconf 80' lang='lat' dir='ltr'><strong>fallacibus</strong></span> <span class='ocrx_word' id='word_1_261' title='bbox 572 2988 678 3052; x_wconf 88' lang='lat' dir='ltr'><strong>litteris</strong></span> <span class='ocrx_word' id='word_1_262' title='bbox 692 2990 771 3050; x_wconf 88' lang='lat' dir='ltr'><strong>circa</strong></span> <span class='ocrx_word' id='word_1_263' title='bbox 782 2989 896 3051; x_wconf 88' lang='lat' dir='ltr'><strong>Latium</strong></span> <span class='ocrx_word' id='word_1_264' title='bbox 909 3009 1077 3071; x_wconf 89' lang='lat' dir='ltr'><strong>nomenque</strong></span> <span class='ocrx_word' id='word_1_265' title='bbox 1089 2987 1227 3053; x_wconf 87' lang='lat' dir='ltr'><strong>Volscum</strong></span> 
     </span>
     <span class='ocr_line' id='line_1_34' title="bbox 265 3072 1226 3156; baseline -0.002 -20"><span class='ocrx_word' id='word_1_266' title='bbox 265 3075 379 3143; x_wconf 85' lang='lat' dir='ltr'><strong>missis,</strong></span> <span class='ocrx_word' id='word_1_267' title='bbox 401 3074 473 3154; x_wconf 67' lang='lat' dir='ltr'><strong>qu&#39;n</strong></span> <span class='ocrx_word' id='word_1_268' title='bbox 490 3074 541 3153; x_wconf 92' lang='lat' dir='ltr'><strong>qul</strong></span> <span class='ocrx_word' id='word_1_269' title='bbox 560 3090 622 3134; x_wconf 91' lang='lat' dir='ltr'><strong>non</strong></span> <span class='ocrx_word' id='word_1_270' title='bbox 641 3072 838 3136; x_wconf 79' lang='lat' dir='ltr'><strong>interfuerant</strong></span> <span class='ocrx_word' id='word_1_271' title='bbox 857 3092 975 3156; x_wconf 88' lang='lat' dir='ltr'><strong>pugnae</strong></span> <span class='ocrx_word' id='word_1_272' title='bbox 989 3075 1026 3137; x_wconf 89' lang='lat' dir='ltr'><strong>ad</strong></span> <span class='ocrx_word' id='word_1_273' title='bbox 1043 3072 1226 3135; x_wconf 87' lang='lat' dir='ltr'><strong>credendum</strong></span> 
     </span>
     <span class='ocr_line' id='line_1_35' title="bbox 266 3155 1227 3240; baseline -0.002 -22"><span class='ocrx_word' id='word_1_274' title='bbox 266 3165 379 3220; x_wconf 88' lang='lat' dir='ltr'><strong>temere</strong></span> <span class='ocrx_word' id='word_1_275' title='bbox 399 3155 547 3219; x_wconf 89' lang='lat' dir='ltr'><strong>faciliores</strong></span> <span class='ocrx_word' id='word_1_276' title='bbox 569 3163 670 3228; x_wconf 84' lang='lat' dir='ltr'><strong>erant,</strong></span> <span class='ocrx_word' id='word_1_277' title='bbox 699 3156 905 3221; x_wconf 86' lang='lat' dir='ltr'><strong>tumultuarius</strong></span> <span class='ocrx_word' id='word_1_278' title='bbox 925 3159 1056 3240; x_wconf 90' lang='lat' dir='ltr'><strong>undique</strong></span> <span class='ocrx_word' id='word_1_279' title='bbox 1077 3158 1227 3219; x_wconf 83' lang='lat' dir='ltr'><strong>exercitus</strong></span> 
     </span>
    </p>
   </div>
   <div class='ocr_carea' id='block_1_3' title="bbox 226 3241 1226 3387">
    <p class='ocr_par' dir='ltr' id='par_1_3' title="bbox 226 3241 1226 3387">
     <span class='ocr_line' id='line_1_36' title="bbox 226 3241 1226 3387; baseline 0.002 -88"><span class='ocrx_word' id='word_1_280' title='bbox 226 3246 254 3299; x_wconf 90' lang='lat' dir='ltr'><strong>tl</strong></span> <span class='ocrx_word' id='word_1_281' title='bbox 269 3244 375 3387; x_wconf 59' lang='lat' dir='ltr'><strong>raptim</strong></span> <span class='ocrx_word' id='word_1_282' title='bbox 392 3242 575 3322; x_wconf 90' lang='lat' dir='ltr'><strong>conscriptus</strong></span> <span class='ocrx_word' id='word_1_283' title='bbox 590 3241 737 3304; x_wconf 83' lang='lat' dir='ltr'><strong>convenit.</strong></span> <span class='ocrx_word' id='word_1_284' title='bbox 765 3241 835 3303; x_wconf 91' lang='lat' dir='ltr'><strong>hnic</strong></span> <span class='ocrx_word' id='word_1_285' title='bbox 850 3245 960 3321; x_wconf 88' lang='lat' dir='ltr'><strong>agmini</strong></span> <span class='ocrx_word' id='word_1_286' title='bbox 973 3244 1141 3324; x_wconf 86' lang='lat' dir='ltr'><strong>Torquatus</strong></span> <span class='ocrx_word' id='word_1_287' title='bbox 1154 3257 1226 3303; x_wconf 90' lang='lat' dir='ltr'><strong>con·</strong></span> 
     </span>
    </p>
   </div>
   <div class='ocr_carea' id='block_1_4' title="bbox 266 3324 1226 3493">
    <p class='ocr_par' dir='ltr' id='par_1_4' title="bbox 266 3324 1226 3493">
     <span class='ocr_line' id='line_1_37' title="bbox 266 3324 1226 3408; baseline 0 -23"><span class='ocrx_word' id='word_1_288' title='bbox 266 3343 300 3386; x_wconf 91' lang='lat' dir='ltr'><strong>su</strong></span> <span class='ocrx_word' id='word_1_289' title='bbox 326 3325 364 3387; x_wconf 89' lang='lat' dir='ltr'><strong>ad</strong></span> <span class='ocrx_word' id='word_1_290' title='bbox 373 3325 526 3387; x_wconf 87' lang='lat' dir='ltr'><strong>Trifanum</strong></span> <span class='ocrx_word' id='word_1_291' title='bbox 540 3359 583 3371; x_wconf 90' lang='lat'><em>-</em></span> <span class='ocrx_word' id='word_1_292' title='bbox 597 3326 677 3387; x_wconf 88' lang='lat' dir='ltr'><strong>inter</strong></span> <span class='ocrx_word' id='word_1_293' title='bbox 688 3325 857 3388; x_wconf 72' lang='lat' dir='ltr'><strong>Sinuessam</strong></span> <span class='ocrx_word' id='word_1_294' title='bbox 868 3328 1097 3408; x_wconf 85' lang='lat' dir='ltr'><strong>Menturnasque</strong></span> <span class='ocrx_word' id='word_1_295' title='bbox 1107 3327 1134 3386; x_wconf 91' lang='lat' dir='ltr'><strong>is</strong></span> <span class='ocrx_word' id='word_1_296' title='bbox 1143 3324 1226 3387; x_wconf 88' lang='lat' dir='ltr'><strong>locus</strong></span> 
     </span>
     <span class='ocr_line' id='line_1_38' title="bbox 269 3409 1226 3493; baseline 0.003 -26"><span class='ocrx_word' id='word_1_297' title='bbox 269 3415 369 3468; x_wconf 88' lang='lat' dir='ltr'><strong>est-</strong></span> <span class='ocrx_word' id='word_1_298' title='bbox 384 3411 523 3471; x_wconf 81' lang='lat' dir='ltr'><strong>occanrit.</strong></span> <span class='ocrx_word' id='word_1_299' title='bbox 555 3409 727 3492; x_wconf 86' lang='lat' dir='ltr'><strong>prinsquam</strong></span> <span class='ocrx_word' id='word_1_300' title='bbox 748 3409 852 3471; x_wconf 88' lang='lat' dir='ltr'><strong>castris</strong></span> <span class='ocrx_word' id='word_1_301' title='bbox 871 3409 954 3474; x_wconf 92' lang='lat' dir='ltr'><strong>locus</strong></span> <span class='ocrx_word' id='word_1_302' title='bbox 973 3416 1142 3493; x_wconf 86' lang='lat' dir='ltr'><strong>caperetur,</strong></span> <span class='ocrx_word' id='word_1_303' title='bbox 1162 3424 1226 3470; x_wconf 89' lang='lat' dir='ltr'><strong>sar·</strong></span> 
     </span>
    </p>
   </div>
   <div class='ocr_carea' id='block_1_5' title="bbox 268 3489 1226 3577">
    <p class='ocr_par' dir='ltr' id='par_1_5' title="bbox 268 3489 1226 3577">
     <span class='ocr_line' id='line_1_39' title="bbox 268 3489 1226 3577; baseline 0.004 -28"><span class='ocrx_word' id='word_1_304' title='bbox 268 3489 341 3549; x_wconf 88' lang='lat' dir='ltr'><strong>cinis</strong></span> <span class='ocrx_word' id='word_1_305' title='bbox 360 3494 510 3572; x_wconf 87' lang='lat' dir='ltr'><strong>utrimque</strong></span> <span class='ocrx_word' id='word_1_306' title='bbox 535 3494 567 3554; x_wconf 94' lang='lat' dir='ltr'><strong>in</strong></span> <span class='ocrx_word' id='word_1_307' title='bbox 590 3509 728 3555; x_wconf 81' lang='lat' dir='ltr'><strong>acervum</strong></span> <span class='ocrx_word' id='word_1_308' title='bbox 750 3492 890 3556; x_wconf 85' lang='lat' dir='ltr'><strong>coniectis</strong></span> <span class='ocrx_word' id='word_1_309' title='bbox 914 3501 1077 3577; x_wconf 88' lang='lat' dir='ltr'><strong>pugnatum</strong></span> <span class='ocrx_word' id='word_1_310' title='bbox 1097 3490 1226 3555; x_wconf 84' lang='lat' dir='ltr'><strong>debeda-</strong></span> 
     </span>
    </p>
   </div>
   <div class='ocr_carea' id='block_1_6' title="bbox 0 0 1293 4067">
    <p class='ocr_par' dir='ltr' id='par_1_6' title="bbox 0 0 1293 4067">
     <span class='ocr_line' id='line_1_40' title="bbox 0 0 1293 4067; baseline 0 0"><span class='ocrx_word' id='word_1_311' title='bbox 0 0 1293 4067; x_wconf 95' lang='lat' dir='ltr'><strong> </strong></span> 
     </span>
    </p>
   </div>
  </div>
 </body>
</html>
