2575 4067
298 199 390 243 umas
403 199 447 243 ax.
470 198 539 243 ose.
557 188 599 240 ³7.
614 187 659 243 ae.
678 181 718 263 [ι.
735 181 770 245 0.
785 180 846 265 810]
993 188 1054 253 18⁶

97 349 180 420 sdes,
201 345 337 410 ddecus
351 346 490 410 cohortes
510 347 549 409 ad
568 356 722 427 portarum
737 350 832 410 exttm
851 349 1053 414 conlocantur.

22 477 23 500 1
46 491 50 494 ,
97 430 157 493 dato
168 431 283 495 deinde
296 432 380 511 signo
394 430 482 512 paulo
499 439 567 493 ante
590 430 701 503 iucem,
722 431 801 512 quod
821 435 937 496 assuris
959 436 1084 497 nocti-o

21 515 22 538 ³
95 513 142 577 bns
153 516 273 596 sopitae
283 516 410 578 maxims
429 516 541 595 quietis
562 523 679 595 tempus
690 523 749 588 est,
765 524 888 595 proruto
899 516 973 581 vallo
985 536 1053 581 aru·

93 599 131 676 pit
143 601 241 670 acies,
270 607 376 662 susus
399 599 509 679 passirn
530 598 642 661 invadit
655 600 770 667 hosoesz
791 596 865 661 allos
884 599 1049 674 mmobiles,

93 680 159 745 ulios
176 685 377 745 semisomnos
391 683 424 744 ln
439 681 585 746 stabilibus
606 684 681 755 suls,
707 683 864 745 maximam
887 692 1002 764 partem
1017 685 1052 746 ad

92 782 169 828 arnna
184 766 373 848 trepidantes
388 766 492 829 caedes
507 767 670 848 oppressit:
691 768 793 848 paucis
807 765 941 829 armandi
955 784 987 828 se
1001 767 1052 830 da·

91 856 148 911 tum
166 853 299 929 spatium
312 860 370 913 est:
400 867 452 912 eos
468 851 547 930 ipsos
563 868 624 913 non
638 851 756 930 signum
771 857 901 924 conum
921 849 1097 913 nenda-1⁰

91 932 1053 1090 tituil‘ti‘nttidddddlddtdmi

91 1099 239 1180 retugium
246 1145 257 1181 ,
273 1120 341 1164 nam
359 1110 454 1164 casua
466 1103 499 1163 in
513 1103 624 1183 campis
637 1103 692 1165 sita
703 1101 808 1164 eodem
822 1101 870 1165 die
887 1105 1052 1182 capiuntur.

91 1199 193 1250 aurum
216 1192 433 1266 argentumque
452 1188 566 1249 iussum
583 1186 691 1248 referri
705 1186 743 1248 ad
764 1184 931 1258 conadam,
952 1194 1052 1247 caten

90 1268 199 1344 praeda
214 1269 319 1331 militis
337 1269 402 1332 fault
432 1288 517 1332 caesa
535 1277 586 1332 ant
600 1276 686 1349 capta
703 1287 739 1331 eo
758 1268 807 1331 dis
824 1268 954 1331 hoedum
970 1267 1051 1332 milla
1062 1275 1092 1330 11

91 1350 125 1410 ad
143 1355 309 1434 sexaginta.
343 1371 408 1415 eam
428 1361 489 1416 tam
511 1352 621 1416 olaram
640 1370 770 1434 pugnam
792 1359 874 1414 uana
893 1349 1052 1416 Otminlans

90 1432 189 1498 silvam
204 1436 245 1500 ad
254 1437 407 1500 Pensatum
419 1445 579 1519 pugnatam
590 1438 709 1518 qnidam
731 1444 868 1499 ausuras
883 1444 965 1509 sunt,
987 1454 1049 1498 me·

90 1523 179 1599 tuque
193 1522 229 1583 in
243 1538 351 1601 magno
366 1522 512 1584 civitatem
534 1521 639 1590 fuisse.
657 1538 696 1584 ue
717 1519 893 1584 interclusus
907 1522 1053 1584 exercitus

91 1606 149 1663 tam
171 1605 284 1666 infesto
304 1602 381 1667 sdtu
404 1606 513 1667 coortis
532 1604 663 1685 undique
683 1604 788 1668 Tuscis
802 1603 979 1686 Umbrisque
999 1622 1051 1687 op·

90 1686 280 1762 primereuu.
315 1686 368 1750 sed
390 1686 567 1767 ubicumque
589 1696 751 1769 pugnaturn
771 1695 830 1760 cst,
850 1706 899 1751 res
917 1689 1095 1752 Romanula

91 1774 229 1915 arguerint
242 1771 434 1917 siffissuffie
447 1771 596 1919 wamia
610 1782 640 1835 et
651 1773 778 1920 Corttgsssa
785 1780 846 1919 0cat1⁸
832 1773 948 1918 egetis
955 1789 1052 1917 ,tqsnlae

167 1873 258 1935 ceap
431 1874 448 1918 a
462 1874 521 1936 pop
572 1876 639 1919 rum
654 1875 689 1919 ea
890 1874 962 1919 eran
981 1904 989 1928 ,
1021 1874 1051 1918 c·

92 1939 150 2012 goti
173 1957 281 2020 panem
304 1938 466 2018 foedusque
485 1938 522 2001 ab
546 1940 687 2002 Romanis
710 1874 845 2019 petgntes
869 1940 998 2003 indutias
1022 1941 1052 2001 in

92 2020 212 2100 triglnta
226 2040 320 2085 annos
334 2024 574 2103 impetraverunt

151 2106 307 2170 xxxviii.
333 2106 409 2168 Dum
423 2106 498 2169 haec
512 2109 545 2168 ln
555 2105 674 2168 Etruria
690 2115 848 2183 geruntur,
866 2103 969 2166 consul
980 2104 1054 2168 altar
1066 2110 1079 2162 i

93 2185 267 2253 didasclus
280 2188 396 2253 Rutilus
417 2188 518 2253 Allitas
538 2189 575 2251 de
597 2186 777 2250 Samnitibus
795 2189 824 2249 vi
844 2188 931 2266 cepit
961 2186 1054 2250 multa

93 2267 148 2333 alia
167 2273 289 2337 cutetlu
309 2274 424 2354 vicique
449 2283 500 2337 aut
519 2270 615 2335 deleta
638 2269 786 2333 hostiliter
805 2278 855 2333 aut
877 2273 994 2347 integra
1021 2272 1054 2332 iu

94 2364 268 2429 ponsuem
281 2375 400 2420 venere
430 2375 485 2438 per
498 2355 578 2419 idean
593 2364 711 2436 tempus
725 2362 755 2417 et
770 2352 871 2416 elassis
886 2352 1018 2415 Romana
1035 2359 1082 2415 at

93 2434 125 2498 P·
142 2440 295 2512 Cornelio,
309 2459 398 2521 quem
410 2448 531 2503 senatus
544 2440 709 2504 maritimae
723 2456 793 2501 orae
807 2436 1007 2519 praefecerat,
1023 2439 1055 2500 iu

94 2520 284 2606 Campaniam
299 2533 364 2586 aeta
382 2542 450 2589 num
472 2524 595 2607 adpulsa
612 2525 769 2605 Pompeios
782 2530 874 2595 esset,
896 2522 969 2585 socii
983 2521 1054 2585 inde

94 2608 212 2671 navales
218 2607 255 2670 ad
261 2607 499 2690 depopulandum
506 2609 799 2690 agrumltnoerinum
807 2606 942 2689 proiecti,
953 2609 1053 2689 proxi·

94 2691 147 2752 uuis
169 2693 279 2771 raptim
299 2694 432 2765 umens,
460 2693 541 2763 unde
559 2693 674 2758 reditus
696 2703 776 2758 tutus
797 2693 834 2756 ad
855 2709 944 2756 naves
967 2701 1053 2764 esset,

95 2770 258 2846 dulcedine,
269 2782 303 2837 ut
311 2776 352 2847 na
368 2775 496 2856 praedae
505 2776 622 2856 longius
631 2780 784 2858 progressi
794 2779 929 2842 advene
942 2778 1053 2840 hostes

95 2856 199 2937 palatis
213 2877 268 2939 per
282 2876 370 2938 agros
384 2876 472 2922 nemo
489 2859 592 2922 obrius
611 2860 681 2930 ituit,
703 2879 771 2924 eum
788 2861 942 2922 occidIone
956 2857 1082 2920 occidit

95 2950 229 3017 porsena
251 2940 411 3005 redeuntes
430 2944 548 3023 agmina
570 2945 690 3005 incauto
710 2942 790 3004 haud
808 2940 914 3021 procui
932 2939 1055 3002 nardus

96 3025 227 3089 adsecuti
242 3034 373 3106 agrestes
388 3035 533 3090 eruerunt
550 3025 676 3108 praeda,
698 3032 814 3105 partem
835 3025 924 3085 etiam
937 3022 1054 3085 occide·

95 3117 282 3254 tuntifflquae
307 3110 454 3192 superfuit
477 3110 561 3174 caedi
589 3108 705 3190 trepida
728 3106 885 3171 munands
910 3106 947 3168 ad
966 3122 1055 3169 naves

95 3207 150 3255 con
218 3200 305 3255 aest.

151 3212 303 3339 lltrniectio
327 3277 362 3349 Q.
387 3274 472 3337 Fabii
496 3283 580 3338 trouu
606 3277 762 3339 Ciminlam
783 3272 887 3337 silvam
912 3277 1086 3354 quaml

98 3359 206 3423 Romae
223 3369 372 3424 terrorem
385 3358 515 3436 iecerat,
534 3367 598 3426 nm
611 3357 719 3421 laetam
732 3356 842 3419 lamam
856 3359 889 3419 ln
903 3357 1053 3422 Samnium

97 3443 133 3505 sd
145 3444 246 3507 hostes
260 3442 384 3517 ualeret,
406 3441 600 3507 interclusum
616 3443 782 3506 Romanum
798 3444 960 3506 exercitum
975 3441 1054 3507 obsi·
