2575 4067
238 231 277 291 12
377 244 471 285 umen
481 245 536 286 v11.
552 245 621 286 oar.
637 233 680 285 rt.
699 233 739 286 12.
762 223 800 305 [e.
817 203 849 287 aa..
864 248 891 288 c.
906 233 968 287 390.
985 226 1048 307 aad]

235 389 337 459 caedi,
352 391 500 470 recepisse
515 408 547 451 se
568 393 647 452 intra
661 392 780 454 urbem:
803 410 867 453 eam
881 409 946 453 rem
961 393 1112 474 triumpho
1127 394 1194 473 dig·

196 480 306 535 tinam
319 474 411 533 risam
420 473 569 535 Romanis.
593 493 631 535 ne
647 477 736 536 nimis
753 477 861 536 mirum
875 491 1073 556 magnumque
1088 495 1193 538 censc-
1254 505 1262 519 ’

234 563 302 617 rent
316 556 473 618 tumultum
487 559 604 619 exciere
618 560 650 619 ln
667 559 796 621 bostium
816 560 924 639 portis,
944 560 1088 620 maiorem
1111 562 1195 637 ipsos

209 647 220 698 t
237 639 460 720 trepidationem
477 650 545 702 ante
558 644 677 703 moenia
693 660 746 704 sua
760 644 882 704 vlsnros.
926 642 989 706 llll.
1020 642 1121 722 ltaque
1145 646 1193 705 in·

234 724 370 803 sequenti
393 742 471 786 anno
491 725 530 786 Μ.
552 725 666 805 Popilio
682 725 809 788 Laenate
830 726 882 788 Gn.
898 724 1006 787 Manlio
1021 726 1194 789 consulibus

233 809 331 887 primo
346 806 462 869 silentio
477 809 571 869 noctis
586 808 622 869 ab
639 808 749 870 Tibure
763 810 880 888 agmine
894 807 1001 869 lnieste
1016 809 1143 888 proiecti
1155 811 1193 872 ad

204 898 220 946 2
234 891 339 952 urbem
353 891 476 952 Romam
491 900 645 953 venerunt.
679 899 825 953 terrorem
839 899 962 970 repente
974 910 1010 953 ex
1020 910 1124 953 somno
1140 912 1193 954 ex·

234 975 329 1035 citatis
344 974 439 1036 subita
449 992 498 1036 res
511 981 540 1035 et
552 982 715 1035 nocturnus
729 993 819 1054 paror
830 974 980 1055 praebuit,
997 974 1033 1037 ad
1045 976 1102 1037 hoc
1114 976 1191 1038 mul·

201 1064 218 1114 a
232 1063 330 1118 torum
344 1059 467 1128 inscitia,
484 1058 536 1138 qul
550 1065 600 1119 aut
613 1058 692 1120 unde
702 1059 802 1120 hostes
813 1059 1006 1120 advenissent.
1023 1058 1191 1122 conclama·

234 1147 297 1201 tum
321 1147 419 1202 tamen
440 1140 576 1203 celeriter
598 1142 635 1203 ad
656 1160 738 1203 arma
753 1150 811 1211 est,
838 1150 868 1203 et
888 1150 990 1221 portae
1016 1142 1193 1205 stationibus

233 1225 369 1305 murique
385 1223 540 1304 praesidiis
559 1226 681 1293 firmati;
702 1234 732 1287 et
749 1224 801 1287 ubi
823 1227 919 1304 prima
938 1225 989 1285 lux
1010 1225 1192 1287 mediocrem

233 1306 450 1369 multitudiuem
470 1317 537 1369 ante
560 1311 677 1369 moenia
696 1327 793 1388 neque
815 1308 1013 1389 enumquam
1036 1308 1191 1370 Tiburtem

202 1391 350 1453 ebostem
364 1389 506 1461 ostendit,
529 1390 641 1453 duebus
655 1394 748 1471 portis
763 1393 876 1471 egressi
890 1391 1025 1453 consules
1042 1393 1192 1473 utrimque

234 1475 328 1535 aciem
348 1472 537 1535 subeuntium
557 1475 616 1535 iam
632 1493 734 1536 muros
747 1475 975 1554 adgrediuntur:
998 1476 1193 1556 appnmtque

233 1557 388 1617 occasione
401 1559 495 1636 magis
507 1575 597 1637 quam
610 1559 717 1621 virtute
730 1559 824 1621 fretos
837 1560 965 1620 venisse:
981 1558 1055 1619 adeo
1070 1560 1117 1619 nx
1129 1561 1192 1638 pri·

233 1657 315 1701 mum
327 1641 470 1718 impetum
484 1641 685 1703 Romanorum
698 1644 874 1705 sustinuere.
910 1643 982 1721 quin
1004 1642 1093 1701 etiam
1111 1640 1191 1703 bono

232 1721 323 1783 luisse
338 1723 477 1785 Romanis
497 1725 654 1785 adventum
673 1744 775 1788 eornm
797 1724 964 1795 constabat,
987 1724 1192 1806 orientemque

232 1806 290 1866 iam
303 1806 479 1869 seditionem
493 1809 570 1868 inter
584 1813 683 1886 patres
701 1818 732 1870 et
753 1807 870 1890 plebem
887 1816 966 1869 metu
988 1814 1047 1868 mm
1068 1811 1191 1887 propin·

232 1890 283 1968 qul
297 1889 368 1951 belli
383 1908 581 1969 conpressam.

200 1977 216 2027 5
294 1970 375 2034 Alius
388 1973 530 2036 adventus
544 1974 673 2035 hostium
696 1974 750 2036 luit
766 1976 901 2054 proximo
917 1990 994 2035 anno
1008 1974 1088 2050 agris
1103 1976 1190 2034 terri·

200 2059 217 2111 d
232 2054 318 2116 bilior
335 2074 423 2137 quarn
436 2057 517 2118 urbi:
535 2056 736 2136 populabundi
751 2058 978 2139 Tarquinienses
992 2058 1066 2118 tincs
1080 2057 1189 2117 Roma·

232 2156 295 2211 nos,
309 2140 436 2201 manne
449 2158 506 2220 qua
517 2159 554 2202 ex
564 2151 649 2221 parte
660 2142 808 2203 Etruriam
821 2142 965 2210 adiacent,
982 2156 1189 2220 peragravere.

231 2222 379 2303 rebusque
393 2225 572 2305 nequlquam
586 2227 719 2305 repetitis
739 2226 807 2287 novi
823 2224 959 2287 consules
980 2226 1015 2285 iis
1031 2224 1062 2285 G.
1080 2222 1190 2284 Fabius

231 2314 261 2368 et
275 2309 305 2370 G.
321 2308 452 2369 Plautius
474 2309 555 2371 iussu
577 2308 679 2389 populi
696 2308 807 2370 bellum
826 2308 975 2376 indixere;
991 2306 1141 2386 Fabioque
1154 2325 1190 2367 ea

200 2392 396 2469 aprovinota,
420 2391 533 2453 Plautio
560 2392 680 2453 Hernici
702 2409 835 2453 evenere.
870 2390 972 2454 Gallici
986 2408 1105 2470 quoque
1118 2389 1189 2451 belli

231 2474 309 2534 lama
336 2473 584 2538 increbrescebat.
628 2474 681 2535 sed
701 2477 779 2537 inter
800 2475 907 2537 multos
928 2482 1058 2536 terrores
1079 2473 1189 2533 solacio

231 2555 286 2616 luit
299 2573 357 2635 pax
371 2556 482 2616 Latinls
504 2557 674 2636 petentibus
694 2558 762 2621 data
786 2567 816 2620 et
828 2576 934 2637 magna
954 2560 996 2618 ris
1010 2555 1137 2618 milittun
1151 2555 1189 2616 ab

230 2639 276 2698 bis
290 2657 326 2699 ex
346 2638 466 2700 loedere
486 2648 614 2711 vetusto,
636 2640 715 2722 quod
735 2641 833 2704 multis
852 2643 1072 2703 intermiserant
1092 2641 1187 2708 annis,

197 2727 215 2777 8
230 2730 360 2801 accepta.
384 2740 450 2800 quo
485 2723 611 2785 raesidlo
626 2744 694 2786 cum
705 2725 778 2788 itrlta
787 2744 835 2787 res
846 2727 977 2787 Romana
989 2732 1081 2794 esset,
1096 2723 1188 2784 levius

229 2805 297 2876 fuit,
316 2805 395 2885 quod
410 2806 434 2867 G
476 2826 509 2868 os
525 2827 595 2869 mox
609 2810 769 2872 Praeneste
783 2812 897 2870 venisse
911 2818 999 2888 atque
1019 2806 1089 2868 inde
1108 2807 1188 2866 circa

197 2889 341 2951 9Pedum
359 2891 527 2953 consedisse
542 2891 672 2954 auditum
688 2902 741 2956 est.
772 2894 945 2956 dictatorern
968 2891 1025 2952 dici
1044 2890 1076 2952 C.
1091 2889 1187 2968 Sulpi-

230 2975 307 3035 cium
323 2972 444 3054 placuit.
480 2974 583 3037 consul
598 2976 635 3038 ad
650 2977 680 3038 id
695 2979 805 3038 accitus
819 2977 850 3040 C.
867 2976 998 3038 Plautius
1013 2974 1101 3041 dixit:
1125 2991 1187 3033 ma·

230 3058 321 3136 gister
343 3061 475 3138 equitum
500 3059 636 3121 dictatori
657 3059 773 3121 additus
792 3062 831 3122 bl.
853 3060 995 3122 Valerius.
1025 3059 1057 3119 hl
1079 3055 1188 3118 robora

229 3140 355 3202 militum
369 3160 406 3203 ex
420 3139 535 3202 duobus
556 3143 758 3206 consularibus
780 3144 957 3206 exercitibus
971 3140 1065 3204 electa
1084 3138 1187 3200 adver·

228 3242 278 3284 sus
294 3222 391 3286 Gallos
407 3224 563 3286 duxerunt.

190 3312 221 3363 to
293 3307 413 3370 Lentius
426 3309 456 3369 id
467 3308 615 3389 aliquanto
630 3308 749 3382 bellum,
767 3329 854 3392 mam
866 3312 943 3390 parti
958 3311 1075 3388 utrique
1088 3306 1185 3386 place

228 3389 286 3459 bat,
299 3391 364 3452 luit.
386 3410 453 3453 cmn
465 3395 562 3472 primo
573 3393 649 3455 Galli
659 3403 772 3457 tantum
784 3395 860 3456 avidi
871 3395 1040 3456 cermmlnis
1053 3392 1187 3460 tuissent

229 3472 336 3534 deinde
350 3474 500 3538 Romanus
527 3476 612 3539 utiles
631 3479 746 3540 ruendo
766 3480 798 3540 in
812 3496 895 3541 arma
914 3496 949 3540 ac
968 3477 1187 3539 dimIcationcm
