2575 4067
243 232 309 298 20⁰
460 245 553 288 umen
566 246 643 288 xxu.
657 245 725 288 oar.
744 233 767 286 1.
782 222 822 305 [a.
837 246 870 287 u.
885 245 912 286 e.
924 220 987 304 aar]

330 559 408 623 mul
426 558 501 622 Livi
520 558 568 621 ΑΒ
588 558 690 622 URBE
711 555 1007 621 uolturiumque
1028 554 1118 617 xxn.

219 737 232 790 1
306 729 329 790 1.
369 727 430 791 lam
455 745 506 789 ver
528 727 700 807 adpetebat,
730 734 818 806 atque
842 721 989 786 Hannibal
1016 740 1053 783 ex
1077 720 1224 783 hibernis
1281 767 1282 772 η

247 814 350 883 morit,
372 819 402 873 et
423 812 601 893 nequiquam
620 819 689 873 ante
709 816 832 870 renatus
848 805 1060 869 transceudere
1079 806 1222 883 Apenni-

247 913 317 958 num
336 893 530 970 iuteieraudis
552 893 712 973 frigoribus
730 902 761 954 et
785 910 852 953 eum
869 891 983 970 ingenti
995 887 1135 972 periculo
1150 907 1221 950 me·

219 986 327 1040 aratus
342 996 377 1040 ae
390 985 481 1041 metu.
510 977 598 1049 Galli,
615 996 690 1059 ques
703 975 831 1057 praedae
841 974 1127 1057 populationumque
1143 990 1218 1034 een·
1281 1000 1282 1045 ;

245 1063 355 1123 triverat
376 1080 461 1142 spes,
489 1070 645 1142 postquam
671 1079 726 1141 pro
750 1078 803 1132 ee,
831 1066 865 1121 ut
885 1059 943 1138 ipsi
963 1076 1000 1119 ex
1021 1054 1118 1119 alieno
1142 1073 1218 1135 agro

244 1152 386 1226 raperent
402 1152 598 1226 agerentque,
619 1164 688 1208 suas
702 1152 798 1206 terras
818 1141 918 1204 sedem
933 1139 1005 1203 belii
1019 1157 1084 1201 esse
1099 1142 1217 1220 premi·

219 1240 304 1310 tque
318 1231 472 1312 utriusque
487 1231 580 1311 partis
595 1229 777 1292 exercituum
797 1226 931 1288 hibernis
947 1223 1095 1295 riderent,
1114 1231 1216 1285 verte·

247 1322 318 1376 runt
336 1321 418 1376 retro
443 1315 475 1375 iu
496 1311 692 1376 HanuIbalem
710 1311 747 1373 ab
766 1309 908 1373 Romanis
931 1307 1012 1378 edim
1039 1309 1216 1388 petitusque

245 1399 519 1542 faveiptptprineipum
532 1397 811 1539 insidiistipserum
825 1395 952 1537 intepnsdq
969 1391 1088 1536 iratqlrde,
1104 1391 1210 1453 eadem

257 1497 274 1541 e
346 1499 376 1551 e,
393 1498 451 1561 qua
462 1497 662 1542 consenseram
680 1494 878 1551 ,eonsensum
953 1493 1008 1537 ean
1031 1493 1096 1546 um,
1110 1492 1215 1537 serva·

248 1571 295 1625 tus
316 1570 392 1635 erat,
414 1571 444 1624 et
463 1563 605 1625 mutando
625 1581 705 1625 nune
725 1569 851 1632 vestem,
873 1577 954 1621 nune
968 1566 1141 1639 tegumenta
1163 1577 1212 1621 ca·

220 1648 318 1725 epitls
332 1663 436 1710 errore
449 1647 536 1708 etiam
551 1664 616 1708 sese
637 1646 674 1708 ab
694 1646 810 1709 insidiis
828 1645 985 1706 munierat.
1014 1650 1148 1705 ceterum
1161 1642 1213 1704 hie

248 1746 365 1806 quoque
382 1729 410 1789 ei
427 1729 516 1789 timer
532 1746 619 1792 eausa
634 1730 689 1791 fuit
703 1730 847 1792 maturius
861 1726 999 1790 movendi
1014 1746 1050 1789 ex
1064 1726 1210 1787 hibernis.

310 1810 465 1872 Paridem
487 1820 604 1894 tempus
619 1814 672 1876 Gn.
693 1812 834 1875 Servilius
856 1810 959 1873 consul
980 1811 1091 1873 Romae
1111 1809 1210 1872 idibus

218 1893 358 1956 aitands
379 1896 583 1973 magistratum
605 1900 681 1959 iniit.
714 1896 757 1958 ihi
780 1914 847 1957 eum
869 1893 906 1956 de
925 1892 1097 1974 republica
1115 1901 1209 1956 rettu-

247 1976 344 2050 lisset,
361 1978 562 2059 rediutegrata
582 1982 614 2043 in
635 1982 666 2044 d.
682 1979 859 2043 Flaminium
873 1978 983 2040 invidia
1004 1986 1062 2039 est:
1088 1977 1164 2040 dues
1178 1996 1210 2039 se

247 2061 382 2124 eonsules
401 2081 531 2136 creasse,
555 2083 648 2127 unum
663 2063 784 2127 habere.
826 2061 904 2144 qued
927 2063 1006 2124 enim
1030 2060 1074 2122 ilii
1099 2063 1209 2124 iustum

217 2147 428 2227 simpertum,
439 2147 516 2229 quod
532 2150 695 2230 auspicium
714 2148 797 2210 esset
827 2147 1015 2226 magistratus
1029 2144 1060 2206 id
1077 2163 1094 2207 a
1110 2145 1208 2216 dome,

246 2230 373 2312 publicis
386 2232 564 2311 privatisque
578 2231 750 2312 penatibus,
771 2231 884 2293 Latinis
907 2230 990 2292 feriis
1004 2231 1093 2302 actis,
1117 2231 1208 2292 saeri-

245 2316 313 2377 fleio
327 2318 359 2378 lu
373 2324 473 2377 monte
488 2316 635 2395 perfeeto,
655 2316 729 2377 rotis
748 2316 805 2376 rite
827 2315 860 2375 in
876 2313 1017 2394 Capitolio
1031 2315 1212 2395 nuncupatis

216 2405 231 2453 7
246 2417 348 2461 seeum
364 2399 459 2469 ferre:
478 2417 534 2460 nee
547 2401 694 2481 privatum
706 2399 835 2478 auspicia
850 2399 947 2477 sequi,
962 2415 1017 2458 nee
1030 2400 1096 2460 siue
1110 2400 1207 2479 auspi·

246 2484 300 2543 ciis
316 2482 482 2562 prefectum
500 2483 532 2542 in
547 2491 670 2545 externo
684 2502 719 2544 ea
732 2481 796 2544 sele
814 2497 888 2542 nora
903 2488 990 2561 atque
1003 2482 1121 2561 Integra
1138 2500 1208 2543 een·

218 2566 470 2707 titiana
483 2564 903 2711 assquffiprqaa
918 2583 955 2627 ⁰¹
970 2563 1106 2710 'iiiibus
1121 2565 1208 2628 ⁵¹¹¹¹¹²¹

246 2727 436 2789 diniaautem
451 2691 486 2789 in
494 2665 835 2793 iiiirroceiieumeuuiisri
887 2656 1023 2812 psteqlplrlefi
1033 2650 1205 2813 saeipiiinesirr,

218 2829 447 2961 9pffiemqpu
472 2820 622 2960 tteangerat,
645 2818 767 2918 austese,
784 2823 822 2961 det
842 2814 930 2960 uterq
942 2815 1064 2960 1{pirique
1090 2817 1206 2962 ¹⁸¹¹}OE

365 2944 374 2968 ,
430 2915 483 2960 scu
544 2916 647 2962 uosan
699 2918 782 2962 nesu
803 2916 916 2970 asse,e
1020 2919 1051 2961 es
1085 2920 1140 2963 uos
1160 2919 1205 2963 am

245 2983 320 3043 ietes
333 2979 522 3055 fulminibus,
538 2991 568 3045 et
578 2919 767 3046 wfisgoubem
774 2983 868 3045 minari
879 2984 988 3055 visuum
1005 2992 1036 3046 et
1047 2919 1206 3046 Piaeneste

249 3065 388 3128 ardentes
402 3065 515 3149 lapides
532 3067 613 3130 eaelo
630 3068 785 3136 cecidisse,
804 3074 834 3128 et
844 3068 932 3146 Arpis
946 3085 1065 3146 parmas
1078 3070 1110 3129 iu
1126 3068 1205 3130 eaelo

204 3160 236 3211 10
248 3149 322 3211 visas
339 3158 578 3231 pugnantemque
591 3170 658 3213 cum
672 3150 743 3214 luna
756 3149 863 3221 selem,
880 3158 910 3211 et
925 3151 1060 3229 Capenae
1076 3152 1148 3214 duas
1161 3154 1205 3215 iu·
1281 3148 1282 3205 ἶ

248 3232 344 3293 terdiu
369 3231 454 3296 lunas
478 3241 572 3304 ortas,
600 3242 630 3295 et
654 3254 744 3316 aquas
767 3235 906 3299 Caeretes
931 3236 1076 3313 sanguine
1101 3237 1204 3298 mixtas

247 3314 366 3378 fluxisse
382 3316 554 3398 fontemque
568 3320 666 3398 ipsum
679 3317 815 3382 Herculis
830 3319 962 3379 cruentis
976 3336 1113 3382 manaem
1123 3337 1203 3400 spar-
1281 3318 1282 3325 ’

247 3417 312 3459 sum
324 3399 454 3472 maculis,
470 3409 500 3462 et
509 3402 588 3464 nutu
598 3402 776 3464 metentibus
787 3409 925 3464 cruentas
935 3402 967 3462 iu
978 3401 1101 3466 corbem
1111 3405 1203 3484 spicas

205 3483 236 3539 11
248 3479 404 3550 cecidisse,
421 3491 450 3542 et
461 3484 582 3546 Faleriis
592 3482 706 3546 eaelum
717 3485 787 3547 dudi
798 3485 877 3547 reiut
886 3501 995 3565 magne
1007 3487 1089 3549 hiatu
1101 3489 1198 3559 risum,
