<?xml version="1.0" encoding="UTF-8"?>
<!DOCTYPE html PUBLIC "-//W3C//DTD XHTML 1.0 Transitional//EN"
    "http://www.w3.org/TR/xhtml1/DTD/xhtml1-transitional.dtd">
<html xmlns="http://www.w3.org/1999/xhtml" xml:lang="en" lang="en">
 <head>
  <title>
</title>
<meta http-equiv="Content-Type" content="text/html;charset=utf-8" />
  <meta name='ocr-system' content='tesseract 3.04.00' />
  <meta name='ocr-capabilities' content='ocr_page ocr_carea ocr_par ocr_line ocrx_word'/>
</head>
<body>
  <div class='ocr_page' id='page_1' title='image "./aburbeconditali12livygoog_0178.png"; bbox 0 0 2575 4067; ppageno 0'>
   <div class='ocr_carea' id='block_1_1' title="bbox 234 218 1022 304">
    <p class='ocr_par' dir='ltr' id='par_1_1' title="bbox 234 218 1022 304">
     <span class='ocr_line' id='line_1_1' title="bbox 234 218 1022 304; baseline -0.023 -7"><span class='ocrx_word' id='word_1_1' title='bbox 234 233 294 300; x_wconf 83' lang='lat'><strong>172</strong></span> <span class='ocrx_word' id='word_1_2' title='bbox 394 244 489 288; x_wconf 78' lang='lat' dir='ltr'><strong>ursus</strong></span> <span class='ocrx_word' id='word_1_3' title='bbox 500 246 532 287; x_wconf 85' lang='lat' dir='ltr'><strong>x.</strong></span> <span class='ocrx_word' id='word_1_4' title='bbox 547 243 615 287; x_wconf 76' lang='lat' dir='ltr'><strong>oar.</strong></span> <span class='ocrx_word' id='word_1_5' title='bbox 629 229 674 283; x_wconf 78' lang='grc'><strong>23.</strong></span> <span class='ocrx_word' id='word_1_6' title='bbox 685 231 729 286; x_wconf 78' lang='lat'><strong>24.</strong></span> <span class='ocrx_word' id='word_1_7' title='bbox 743 220 784 304; x_wconf 84' lang='lat' dir='ltr'><strong>[a.</strong></span> <span class='ocrx_word' id='word_1_8' title='bbox 799 246 830 286; x_wconf 87' lang='lat' dir='ltr'><strong>u.</strong></span> <span class='ocrx_word' id='word_1_9' title='bbox 844 245 870 285; x_wconf 86' lang='lat' dir='ltr'><strong>c.</strong></span> <span class='ocrx_word' id='word_1_10' title='bbox 885 228 946 284; x_wconf 74' lang='grc'><strong>458.</strong></span> <span class='ocrx_word' id='word_1_11' title='bbox 960 218 1022 303; x_wconf 70' lang='lat' dir='ltr'><strong>uu]</strong></span> 
     </span>
    </p>
   </div>
   <div class='ocr_carea' id='block_1_2' title="bbox 192 388 1190 3570">
    <p class='ocr_par' dir='ltr' id='par_1_2' title="bbox 192 388 1190 3570">
     <span class='ocr_line' id='line_1_2' title="bbox 232 388 1186 464; baseline -0.006 -7"><span class='ocrx_word' id='word_1_12' title='bbox 232 402 293 464; x_wconf 82' lang='lat' dir='ltr'><strong>set,</strong></span> <span class='ocrx_word' id='word_1_13' title='bbox 313 394 406 455; x_wconf 88' lang='lat' dir='ltr'><strong>sacris</strong></span> <span class='ocrx_word' id='word_1_14' title='bbox 420 399 583 454; x_wconf 73' lang='lat' dir='ltr'><strong>arcuerunt</strong></span> <span class='ocrx_word' id='word_1_15' title='bbox 617 389 714 452; x_wconf 83' lang='lat' dir='ltr'><strong>brevis</strong></span> <span class='ocrx_word' id='word_1_16' title='bbox 729 389 879 452; x_wconf 77' lang='lat' dir='ltr'><strong>altercatio</strong></span> <span class='ocrx_word' id='word_1_17' title='bbox 897 388 966 450; x_wconf 89' lang='lat' dir='ltr'><strong>inde</strong></span> <span class='ocrx_word' id='word_1_18' title='bbox 985 406 1021 449; x_wconf 91' lang='lat' dir='ltr'><strong>ex</strong></span> <span class='ocrx_word' id='word_1_19' title='bbox 1032 388 1186 451; x_wconf 72' lang='lat' dir='ltr'><strong>iracundia</strong></span> 
     </span>
     <span class='ocr_line' id='line_1_3' title="bbox 205 473 1185 544; baseline -0.006 -4"><span class='ocrx_word' id='word_1_20' title='bbox 205 488 222 540; x_wconf 76' lang='lat' dir='ltr'><strong>a</strong></span> <span class='ocrx_word' id='word_1_21' title='bbox 235 475 372 542; x_wconf 88' lang='lat' dir='ltr'><strong>muliebri</strong></span> <span class='ocrx_word' id='word_1_22' title='bbox 385 478 417 537; x_wconf 89' lang='lat' dir='ltr'><strong>in</strong></span> <span class='ocrx_word' id='word_1_23' title='bbox 432 477 650 538; x_wconf 71' lang='lat' dir='ltr'><strong>contentionem</strong></span> <span class='ocrx_word' id='word_1_24' title='bbox 664 475 828 537; x_wconf 85' lang='lat' dir='ltr'><strong>animomm</strong></span> <span class='ocrx_word' id='word_1_25' title='bbox 843 474 965 544; x_wconf 81' lang='lat' dir='ltr'><strong>exarsit,</strong></span> <span class='ocrx_word' id='word_1_26' title='bbox 986 489 1054 534; x_wconf 90' lang='lat' dir='ltr'><strong>curn</strong></span> <span class='ocrx_word' id='word_1_27' title='bbox 1069 489 1101 533; x_wconf 88' lang='lat' dir='ltr'><strong>se</strong></span> <span class='ocrx_word' id='word_1_28' title='bbox 1112 473 1185 534; x_wconf 85' lang='lat' dir='ltr'><strong>Ver·</strong></span> 
     </span>
     <span class='ocr_line' id='line_1_4' title="bbox 234 556 1186 642; baseline -0.004 -20"><span class='ocrx_word' id='word_1_29' title='bbox 234 562 312 642; x_wconf 77' lang='lat' dir='ltr'><strong>ginis</strong></span> <span class='ocrx_word' id='word_1_30' title='bbox 328 569 358 622; x_wconf 89' lang='lat' dir='ltr'><strong>et</strong></span> <span class='ocrx_word' id='word_1_31' title='bbox 370 560 522 640; x_wconf 86' lang='lat' dir='ltr'><strong>patriciam</strong></span> <span class='ocrx_word' id='word_1_32' title='bbox 539 565 568 620; x_wconf 89' lang='lat' dir='ltr'><strong>et</strong></span> <span class='ocrx_word' id='word_1_33' title='bbox 581 557 718 638; x_wconf 88' lang='lat' dir='ltr'><strong>pudicam</strong></span> <span class='ocrx_word' id='word_1_34' title='bbox 732 559 764 619; x_wconf 88' lang='lat' dir='ltr'><strong>in</strong></span> <span class='ocrx_word' id='word_1_35' title='bbox 777 559 918 639; x_wconf 82' lang='lat' dir='ltr'><strong>patriciae</strong></span> <span class='ocrx_word' id='word_1_36' title='bbox 933 556 1093 619; x_wconf 85' lang='lat' dir='ltr'><strong>Pudicitiae</strong></span> <span class='ocrx_word' id='word_1_37' title='bbox 1110 564 1186 618; x_wconf 87' lang='lat' dir='ltr'><strong>tem·</strong></span> 
     </span>
     <span class='ocr_line' id='line_1_5' title="bbox 232 638 1188 728; baseline -0.005 -21"><span class='ocrx_word' id='word_1_38' title='bbox 232 644 314 728; x_wconf 92' lang='lat' dir='ltr'><strong>plum</strong></span> <span class='ocrx_word' id='word_1_39' title='bbox 340 644 503 723; x_wconf 76' lang='lat' dir='ltr'><strong>ingressam</strong></span> <span class='ocrx_word' id='word_1_40' title='bbox 515 649 545 704; x_wconf 91' lang='lat' dir='ltr'><strong>et</strong></span> <span class='ocrx_word' id='word_1_41' title='bbox 562 643 615 703; x_wconf 91' lang='lat' dir='ltr'><strong>uui</strong></span> <span class='ocrx_word' id='word_1_42' title='bbox 631 648 769 721; x_wconf 85' lang='lat' dir='ltr'><strong>nuptam,</strong></span> <span class='ocrx_word' id='word_1_43' title='bbox 794 642 831 705; x_wconf 89' lang='lat' dir='ltr'><strong>ad</strong></span> <span class='ocrx_word' id='word_1_44' title='bbox 853 659 940 722; x_wconf 90' lang='lat' dir='ltr'><strong>quem</strong></span> <span class='ocrx_word' id='word_1_45' title='bbox 960 641 1041 719; x_wconf 79' lang='lat' dir='ltr'><strong>virgo</strong></span> <span class='ocrx_word' id='word_1_46' title='bbox 1060 638 1188 702; x_wconf 82' lang='lat' dir='ltr'><strong>deducta</strong></span> 
     </span>
     <span class='ocr_line' id='line_1_6' title="bbox 233 725 1187 804; baseline -0.006 -13"><span class='ocrx_word' id='word_1_47' title='bbox 233 730 286 800; x_wconf 88' lang='lat' dir='ltr'><strong>sit,</strong></span> <span class='ocrx_word' id='word_1_48' title='bbox 307 746 363 790; x_wconf 90' lang='lat' dir='ltr'><strong>nec</strong></span> <span class='ocrx_word' id='word_1_49' title='bbox 380 745 413 790; x_wconf 87' lang='lat' dir='ltr'><strong>sa</strong></span> <span class='ocrx_word' id='word_1_50' title='bbox 426 729 483 788; x_wconf 83' lang='lat' dir='ltr'><strong>riri</strong></span> <span class='ocrx_word' id='word_1_51' title='bbox 500 727 683 788; x_wconf 86' lang='lat' dir='ltr'><strong>bonorumve</strong></span> <span class='ocrx_word' id='word_1_52' title='bbox 697 725 759 787; x_wconf 90' lang='lat' dir='ltr'><strong>eius</strong></span> <span class='ocrx_word' id='word_1_53' title='bbox 772 743 807 788; x_wconf 87' lang='lat' dir='ltr'><strong>sc</strong></span> <span class='ocrx_word' id='word_1_54' title='bbox 827 743 928 787; x_wconf 90' lang='lat' dir='ltr'><strong>rerum</strong></span> <span class='ocrx_word' id='word_1_55' title='bbox 949 732 1098 803; x_wconf 82' lang='lat' dir='ltr'><strong>gestarum</strong></span> <span class='ocrx_word' id='word_1_56' title='bbox 1116 742 1187 804; x_wconf 88' lang='lat' dir='ltr'><strong>pae-</strong></span> 
     </span>
     <span class='ocr_line' id='line_1_7' title="bbox 204 808 1187 890; baseline -0.004 -17"><span class='ocrx_word' id='word_1_57' title='bbox 204 816 342 884; x_wconf 80' lang='lat' dir='ltr'><strong>tnitere,</strong></span> <span class='ocrx_word' id='word_1_58' title='bbox 363 829 433 873; x_wconf 83' lang='lat' dir='ltr'><strong>vero</strong></span> <span class='ocrx_word' id='word_1_59' title='bbox 453 810 637 890; x_wconf 69' lang='lat' dir='ltr'><strong>gloriaretur.</strong></span> <span class='ocrx_word' id='word_1_60' title='bbox 668 808 745 871; x_wconf 86' lang='lat' dir='ltr'><strong>iacto</strong></span> <span class='ocrx_word' id='word_1_61' title='bbox 766 809 872 872; x_wconf 90' lang='lat' dir='ltr'><strong>deinde</strong></span> <span class='ocrx_word' id='word_1_62' title='bbox 892 809 1012 887; x_wconf 75' lang='lat' dir='ltr'><strong>egregio</strong></span> <span class='ocrx_word' id='word_1_63' title='bbox 1031 808 1187 887; x_wconf 80' lang='lat' dir='ltr'><strong>magnilica</strong></span> 
     </span>
     <span class='ocr_line' id='line_1_8' title="bbox 233 890 1187 972; baseline -0.005 -14"><span class='ocrx_word' id='word_1_64' title='bbox 233 895 322 959; x_wconf 84' lang='lat' dir='ltr'><strong>verba</strong></span> <span class='ocrx_word' id='word_1_65' title='bbox 342 895 472 958; x_wconf 83' lang='lat' dir='ltr'><strong>adauxit:</strong></span> <span class='ocrx_word' id='word_1_66' title='bbox 494 894 609 956; x_wconf 84' lang='lat' dir='ltr'><strong>invice</strong></span> <span class='ocrx_word' id='word_1_67' title='bbox 629 892 747 972; x_wconf 72' lang='lat' dir='ltr'><strong>Longo,</strong></span> <span class='ocrx_word' id='word_1_68' title='bbox 779 892 831 954; x_wconf 91' lang='lat' dir='ltr'><strong>ubi</strong></span> <span class='ocrx_word' id='word_1_69' title='bbox 850 890 1013 961; x_wconf 77' lang='lat' dir='ltr'><strong>habitabat,</strong></span> <span class='ocrx_word' id='word_1_70' title='bbox 1040 909 1077 953; x_wconf 91' lang='lat' dir='ltr'><strong>ex</strong></span> <span class='ocrx_word' id='word_1_71' title='bbox 1102 901 1187 972; x_wconf 87' lang='lat' dir='ltr'><strong>parte</strong></span> 
     </span>
     <span class='ocr_line' id='line_1_9' title="bbox 234 973 1186 1059; baseline -0.006 -16"><span class='ocrx_word' id='word_1_72' title='bbox 234 980 350 1043; x_wconf 91' lang='lat' dir='ltr'><strong>aedium</strong></span> <span class='ocrx_word' id='word_1_73' title='bbox 365 978 443 1059; x_wconf 94' lang='lat' dir='ltr'><strong>quod</strong></span> <span class='ocrx_word' id='word_1_74' title='bbox 460 979 529 1040; x_wconf 88' lang='lat' dir='ltr'><strong>satis</strong></span> <span class='ocrx_word' id='word_1_75' title='bbox 547 984 624 1038; x_wconf 89' lang='lat' dir='ltr'><strong>esset</strong></span> <span class='ocrx_word' id='word_1_76' title='bbox 634 974 693 1038; x_wconf 92' lang='lat' dir='ltr'><strong>loci</strong></span> <span class='ocrx_word' id='word_1_77' title='bbox 707 977 822 1040; x_wconf 91' lang='lat' dir='ltr'><strong>modico</strong></span> <span class='ocrx_word' id='word_1_78' title='bbox 837 975 943 1039; x_wconf 90' lang='lat' dir='ltr'><strong>sacello</strong></span> <span class='ocrx_word' id='word_1_79' title='bbox 958 973 1082 1037; x_wconf 85' lang='lat' dir='ltr'><strong>exclusit</strong></span> <span class='ocrx_word' id='word_1_80' title='bbox 1091 994 1186 1037; x_wconf 79' lang='lat' dir='ltr'><strong>mam-</strong></span> 
     </span>
     <span class='ocr_line' id='line_1_10' title="bbox 233 1060 1187 1145; baseline -0.006 -19"><span class='ocrx_word' id='word_1_81' title='bbox 233 1082 291 1145; x_wconf 90' lang='lat' dir='ltr'><strong>que</strong></span> <span class='ocrx_word' id='word_1_82' title='bbox 310 1063 353 1125; x_wconf 91' lang='lat' dir='ltr'><strong>ibi</strong></span> <span class='ocrx_word' id='word_1_83' title='bbox 371 1063 484 1143; x_wconf 87' lang='lat' dir='ltr'><strong>posuit;</strong></span> <span class='ocrx_word' id='word_1_84' title='bbox 506 1067 536 1123; x_wconf 92' lang='lat' dir='ltr'><strong>et</strong></span> <span class='ocrx_word' id='word_1_85' title='bbox 550 1062 716 1123; x_wconf 80' lang='lat' dir='ltr'><strong>convocatis</strong></span> <span class='ocrx_word' id='word_1_86' title='bbox 729 1060 852 1141; x_wconf 90' lang='lat' dir='ltr'><strong>plebeiis</strong></span> <span class='ocrx_word' id='word_1_87' title='bbox 867 1061 1009 1123; x_wconf 89' lang='lat' dir='ltr'><strong>matronis</strong></span> <span class='ocrx_word' id='word_1_88' title='bbox 1028 1069 1187 1139; x_wconf 83' lang='lat' dir='ltr'><strong>conquesta</strong></span> 
     </span>
     <span class='ocr_line' id='line_1_11' title="bbox 205 1141 1188 1226; baseline -0.003 -19"><span class='ocrx_word' id='word_1_89' title='bbox 205 1148 370 1209; x_wconf 79' lang='lat' dir='ltr'><strong>‘tiniuriam</strong></span> <span class='ocrx_word' id='word_1_90' title='bbox 380 1147 583 1226; x_wconf 86' lang='lat' dir='ltr'><strong>patriciarum:</strong></span> <span class='ocrx_word' id='word_1_91' title='bbox 599 1191 618 1216; x_wconf 84' lang='lat'><strong>,‚</strong></span> <span class='ocrx_word' id='word_1_92' title='bbox 624 1144 701 1206; x_wconf 87' lang='lat' dir='ltr'><strong>banc</strong></span> <span class='ocrx_word' id='word_1_93' title='bbox 712 1162 766 1223; x_wconf 77' lang='lat' dir='ltr'><strong>ego</strong></span> <span class='ocrx_word' id='word_1_94' title='bbox 777 1162 859 1206; x_wconf 87' lang='lat' dir='ltr'><strong>aram</strong></span> <span class='ocrx_word' id='word_1_95' title='bbox 866 1152 885 1178; x_wconf 80' lang='lat'><strong>‘⁴</strong></span> <span class='ocrx_word' id='word_1_96' title='bbox 898 1145 994 1224; x_wconf 89' lang='lat' dir='ltr'><strong>inquit</strong></span> <span class='ocrx_word' id='word_1_97' title='bbox 1003 1189 1021 1214; x_wconf 84' lang='lat'><strong>.,</strong></span> <span class='ocrx_word' id='word_1_98' title='bbox 1027 1141 1188 1205; x_wconf 87' lang='lat' dir='ltr'><strong>Pudicitiae</strong></span> 
     </span>
     <span class='ocr_line' id='line_1_12' title="bbox 232 1228 1187 1312; baseline -0.004 -21"><span class='ocrx_word' id='word_1_99' title='bbox 232 1230 366 1312; x_wconf 86' lang='lat' dir='ltr'><strong>plebeiae</strong></span> <span class='ocrx_word' id='word_1_100' title='bbox 377 1229 495 1301; x_wconf 84' lang='lat' dir='ltr'><strong>dedico,</strong></span> <span class='ocrx_word' id='word_1_101' title='bbox 508 1247 617 1309; x_wconf 86' lang='lat' dir='ltr'><strong>vosque</strong></span> <span class='ocrx_word' id='word_1_102' title='bbox 629 1228 747 1297; x_wconf 83' lang='lat' dir='ltr'><strong>hortor,</strong></span> <span class='ocrx_word' id='word_1_103' title='bbox 760 1237 808 1300; x_wconf 88' lang='lat' dir='ltr'><strong>ut,</strong></span> <span class='ocrx_word' id='word_1_104' title='bbox 824 1231 903 1307; x_wconf 94' lang='lat' dir='ltr'><strong>quod</strong></span> <span class='ocrx_word' id='word_1_105' title='bbox 914 1235 1063 1290; x_wconf 83' lang='lat' dir='ltr'><strong>certamen</strong></span> <span class='ocrx_word' id='word_1_106' title='bbox 1073 1228 1187 1288; x_wconf 83' lang='lat' dir='ltr'><strong>virnriis</strong></span> 
     </span>
     <span class='ocr_line' id='line_1_13' title="bbox 234 1310 1188 1392; baseline -0.005 -16"><span class='ocrx_word' id='word_1_107' title='bbox 234 1317 312 1376; x_wconf 80' lang='lat' dir='ltr'><strong>viros</strong></span> <span class='ocrx_word' id='word_1_108' title='bbox 325 1317 357 1375; x_wconf 91' lang='lat' dir='ltr'><strong>in</strong></span> <span class='ocrx_word' id='word_1_109' title='bbox 370 1314 427 1376; x_wconf 90' lang='lat' dir='ltr'><strong>bac</strong></span> <span class='ocrx_word' id='word_1_110' title='bbox 441 1314 556 1375; x_wconf 79' lang='lat' dir='ltr'><strong>civitate</strong></span> <span class='ocrx_word' id='word_1_111' title='bbox 569 1319 665 1382; x_wconf 88' lang='lat' dir='ltr'><strong>tenet,</strong></span> <span class='ocrx_word' id='word_1_112' title='bbox 690 1312 748 1373; x_wconf 90' lang='lat' dir='ltr'><strong>boe</strong></span> <span class='ocrx_word' id='word_1_113' title='bbox 770 1310 926 1392; x_wconf 88' lang='lat' dir='ltr'><strong>pudicitiae</strong></span> <span class='ocrx_word' id='word_1_114' title='bbox 947 1311 1025 1371; x_wconf 82' lang='lat' dir='ltr'><strong>inter</strong></span> <span class='ocrx_word' id='word_1_115' title='bbox 1039 1318 1188 1371; x_wconf 88' lang='lat' dir='ltr'><strong>matronas</strong></span> 
     </span>
     <span class='ocr_line' id='line_1_14' title="bbox 206 1392 1186 1478; baseline -0.005 -19"><span class='ocrx_word' id='word_1_116' title='bbox 206 1398 286 1469; x_wconf 73' lang='lat' dir='ltr'><strong>usit,</strong></span> <span class='ocrx_word' id='word_1_117' title='bbox 298 1398 430 1478; x_wconf 87' lang='lat' dir='ltr'><strong>detisque</strong></span> <span class='ocrx_word' id='word_1_118' title='bbox 440 1415 576 1477; x_wconf 85' lang='lat' dir='ltr'><strong>operam,</strong></span> <span class='ocrx_word' id='word_1_119' title='bbox 592 1405 625 1459; x_wconf 89' lang='lat' dir='ltr'><strong>ut</strong></span> <span class='ocrx_word' id='word_1_120' title='bbox 639 1396 713 1458; x_wconf 88' lang='lat' dir='ltr'><strong>baec</strong></span> <span class='ocrx_word' id='word_1_121' title='bbox 724 1414 774 1458; x_wconf 88' lang='lat' dir='ltr'><strong>ara</strong></span> <span class='ocrx_word' id='word_1_122' title='bbox 784 1414 871 1476; x_wconf 60' lang='lat' dir='ltr'><strong>mam</strong></span> <span class='ocrx_word' id='word_1_123' title='bbox 882 1394 946 1465; x_wconf 88' lang='lat' dir='ltr'><strong>illa,</strong></span> <span class='ocrx_word' id='word_1_124' title='bbox 963 1396 990 1455; x_wconf 90' lang='lat' dir='ltr'><strong>si</strong></span> <span class='ocrx_word' id='word_1_125' title='bbox 999 1392 1070 1474; x_wconf 88' lang='lat' dir='ltr'><strong>quid</strong></span> <span class='ocrx_word' id='word_1_126' title='bbox 1082 1403 1186 1475; x_wconf 81' lang='lat' dir='ltr'><strong>potest,</strong></span> 
     </span>
     <span class='ocr_line' id='line_1_15' title="bbox 203 1478 1188 1545; baseline -0.001 -3"><span class='ocrx_word' id='word_1_127' title='bbox 203 1483 359 1545; x_wconf 75' lang='lat' dir='ltr'><strong>tsauciius</strong></span> <span class='ocrx_word' id='word_1_128' title='bbox 377 1490 406 1543; x_wconf 90' lang='lat' dir='ltr'><strong>et</strong></span> <span class='ocrx_word' id='word_1_129' title='bbox 424 1479 628 1542; x_wconf 89' lang='lat' dir='ltr'><strong>acastioribus</strong></span> <span class='ocrx_word' id='word_1_130' title='bbox 644 1480 703 1541; x_wconf 91' lang='lat' dir='ltr'><strong>coli</strong></span> <span class='ocrx_word' id='word_1_131' title='bbox 718 1479 861 1541; x_wconf 89' lang='lat' dir='ltr'><strong>dicatur.“</strong></span> <span class='ocrx_word' id='word_1_132' title='bbox 903 1478 1006 1539; x_wconf 88' lang='lat' dir='ltr'><strong>eodem</strong></span> <span class='ocrx_word' id='word_1_133' title='bbox 1021 1478 1115 1539; x_wconf 81' lang='lat' dir='ltr'><strong>ferme</strong></span> <span class='ocrx_word' id='word_1_134' title='bbox 1128 1480 1188 1541; x_wconf 81' lang='lat' dir='ltr'><strong>ritu</strong></span> 
     </span>
     <span class='ocr_line' id='line_1_16' title="bbox 234 1560 1190 1644; baseline -0.005 -17"><span class='ocrx_word' id='word_1_135' title='bbox 234 1574 264 1628; x_wconf 91' lang='lat' dir='ltr'><strong>et</strong></span> <span class='ocrx_word' id='word_1_136' title='bbox 283 1566 357 1628; x_wconf 89' lang='lat' dir='ltr'><strong>baec</strong></span> <span class='ocrx_word' id='word_1_137' title='bbox 377 1582 443 1635; x_wconf 86' lang='lat' dir='ltr'><strong>ara,</strong></span> <span class='ocrx_word' id='word_1_138' title='bbox 469 1582 527 1644; x_wconf 95' lang='lat' dir='ltr'><strong>quo</strong></span> <span class='ocrx_word' id='word_1_139' title='bbox 545 1562 595 1625; x_wconf 89' lang='lat' dir='ltr'><strong>illa</strong></span> <span class='ocrx_word' id='word_1_140' title='bbox 616 1565 778 1644; x_wconf 75' lang='lat' dir='ltr'><strong>antiquior,</strong></span> <span class='ocrx_word' id='word_1_141' title='bbox 801 1561 878 1625; x_wconf 91' lang='lat' dir='ltr'><strong>culta</strong></span> <span class='ocrx_word' id='word_1_142' title='bbox 903 1570 961 1633; x_wconf 87' lang='lat' dir='ltr'><strong>est,</strong></span> <span class='ocrx_word' id='word_1_143' title='bbox 983 1560 1114 1623; x_wconf 88' lang='lat' dir='ltr'><strong>utnulla</strong></span> <span class='ocrx_word' id='word_1_144' title='bbox 1132 1564 1190 1623; x_wconf 88' lang='lat' dir='ltr'><strong>uisi</strong></span> 
     </span>
     <span class='ocr_line' id='line_1_17' title="bbox 234 1645 1189 1729; baseline -0.001 -21"><span class='ocrx_word' id='word_1_145' title='bbox 234 1655 382 1729; x_wconf 87' lang='lat' dir='ltr'><strong>spectatae</strong></span> <span class='ocrx_word' id='word_1_146' title='bbox 395 1646 552 1726; x_wconf 88' lang='lat' dir='ltr'><strong>pudicitiae</strong></span> <span class='ocrx_word' id='word_1_147' title='bbox 568 1654 703 1708; x_wconf 88' lang='lat' dir='ltr'><strong>matrona</strong></span> <span class='ocrx_word' id='word_1_148' title='bbox 718 1656 748 1709; x_wconf 90' lang='lat' dir='ltr'><strong>et</strong></span> <span class='ocrx_word' id='word_1_149' title='bbox 757 1665 832 1727; x_wconf 83' lang='lat' dir='ltr'><strong>quae</strong></span> <span class='ocrx_word' id='word_1_150' title='bbox 846 1647 899 1708; x_wconf 88' lang='lat' dir='ltr'><strong>uni</strong></span> <span class='ocrx_word' id='word_1_151' title='bbox 909 1648 971 1708; x_wconf 85' lang='lat' dir='ltr'><strong>viro</strong></span> <span class='ocrx_word' id='word_1_152' title='bbox 982 1653 1073 1725; x_wconf 88' lang='lat' dir='ltr'><strong>nupta</strong></span> <span class='ocrx_word' id='word_1_153' title='bbox 1087 1645 1189 1707; x_wconf 75' lang='lat' dir='ltr'><strong>luisset</strong></span> 
     </span>
     <span class='ocr_line' id='line_1_18' title="bbox 195 1727 1187 1810; baseline 0 -21"><span class='ocrx_word' id='word_1_154' title='bbox 195 1737 227 1790; x_wconf 82' lang='grc' dir='ltr'><strong>ιθ</strong></span> <span class='ocrx_word' id='word_1_155' title='bbox 237 1732 282 1792; x_wconf 87' lang='lat' dir='ltr'><strong>ius</strong></span> <span class='ocrx_word' id='word_1_156' title='bbox 296 1729 479 1792; x_wconf 83' lang='lat' dir='ltr'><strong>sacrificandi</strong></span> <span class='ocrx_word' id='word_1_157' title='bbox 492 1729 626 1792; x_wconf 85' lang='lat' dir='ltr'><strong>baberet.</strong></span> <span class='ocrx_word' id='word_1_158' title='bbox 660 1730 774 1809; x_wconf 78' lang='lat' dir='ltr'><strong>vulgata</strong></span> <span class='ocrx_word' id='word_1_159' title='bbox 791 1729 859 1792; x_wconf 87' lang='lat' dir='ltr'><strong>dein</strong></span> <span class='ocrx_word' id='word_1_160' title='bbox 875 1728 979 1809; x_wconf 77' lang='lat' dir='ltr'><strong>religio</strong></span> <span class='ocrx_word' id='word_1_161' title='bbox 997 1727 1043 1810; x_wconf 89' lang='lat' dir='ltr'><strong>[a]</strong></span> <span class='ocrx_word' id='word_1_162' title='bbox 1060 1727 1187 1807; x_wconf 80' lang='lat' dir='ltr'><strong>pollutis,</strong></span> 
     </span>
     <span class='ocr_line' id='line_1_19' title="bbox 234 1812 1187 1893; baseline 0 -18"><span class='ocrx_word' id='word_1_163' title='bbox 234 1831 290 1875; x_wconf 88' lang='lat' dir='ltr'><strong>nec</strong></span> <span class='ocrx_word' id='word_1_164' title='bbox 306 1814 448 1875; x_wconf 89' lang='lat' dir='ltr'><strong>matronis</strong></span> <span class='ocrx_word' id='word_1_165' title='bbox 461 1812 570 1885; x_wconf 87' lang='lat' dir='ltr'><strong>solum,</strong></span> <span class='ocrx_word' id='word_1_166' title='bbox 586 1812 638 1875; x_wconf 87' lang='lat' dir='ltr'><strong>sed</strong></span> <span class='ocrx_word' id='word_1_167' title='bbox 655 1815 749 1874; x_wconf 91' lang='lat' dir='ltr'><strong>omnis</strong></span> <span class='ocrx_word' id='word_1_168' title='bbox 764 1814 875 1876; x_wconf 83' lang='lat' dir='ltr'><strong>ordinis</strong></span> <span class='ocrx_word' id='word_1_169' title='bbox 890 1814 1022 1884; x_wconf 85' lang='lat' dir='ltr'><strong>leminis,</strong></span> <span class='ocrx_word' id='word_1_170' title='bbox 1038 1820 1187 1893; x_wconf 79' lang='lat' dir='ltr'><strong>postremo</strong></span> 
     </span>
     <span class='ocr_line' id='line_1_20' title="bbox 234 1895 565 1961; baseline 0 -1"><span class='ocrx_word' id='word_1_171' title='bbox 234 1898 266 1960; x_wconf 89' lang='lat' dir='ltr'><strong>in</strong></span> <span class='ocrx_word' id='word_1_172' title='bbox 283 1895 461 1958; x_wconf 82' lang='lat' dir='ltr'><strong>obliuionem</strong></span> <span class='ocrx_word' id='word_1_173' title='bbox 477 1900 565 1961; x_wconf 84' lang='lat' dir='ltr'><strong>venit.</strong></span> 
     </span>
     <span class='ocr_line' id='line_1_21' title="bbox 194 1978 1190 2062; baseline 0 -21"><span class='ocrx_word' id='word_1_174' title='bbox 194 1988 225 2041; x_wconf 86' lang='lat'><strong>11</strong></span> <span class='ocrx_word' id='word_1_175' title='bbox 299 1980 411 2043; x_wconf 83' lang='lat' dir='ltr'><strong>Eodem</strong></span> <span class='ocrx_word' id='word_1_176' title='bbox 431 1998 508 2042; x_wconf 88' lang='lat' dir='ltr'><strong>euno</strong></span> <span class='ocrx_word' id='word_1_177' title='bbox 523 1982 575 2044; x_wconf 83' lang='lat' dir='ltr'><strong>Cn.</strong></span> <span class='ocrx_word' id='word_1_178' title='bbox 594 1990 623 2043; x_wconf 88' lang='lat' dir='ltr'><strong>et</strong></span> <span class='ocrx_word' id='word_1_179' title='bbox 640 1982 674 2053; x_wconf 84' lang='lat'><strong>0.</strong></span> <span class='ocrx_word' id='word_1_180' title='bbox 694 1980 811 2060; x_wconf 79' lang='lat' dir='ltr'><strong>Ogulnii</strong></span> <span class='ocrx_word' id='word_1_181' title='bbox 825 1979 934 2041; x_wconf 87' lang='lat' dir='ltr'><strong>aediles</strong></span> <span class='ocrx_word' id='word_1_182' title='bbox 948 1978 1065 2041; x_wconf 90' lang='lat' dir='ltr'><strong>curules</strong></span> <span class='ocrx_word' id='word_1_183' title='bbox 1079 1980 1190 2062; x_wconf 89' lang='lat' dir='ltr'><strong>aliquot</strong></span> 
     </span>
     <span class='ocr_line' id='line_1_22' title="bbox 192 2062 1189 2145; baseline 0 -19"><span class='ocrx_word' id='word_1_184' title='bbox 192 2073 226 2126; x_wconf 79' lang='lat'><strong>12</strong></span> <span class='ocrx_word' id='word_1_185' title='bbox 236 2063 467 2128; x_wconf 80' lang='lat' dir='ltr'><strong>faeneratoribus</strong></span> <span class='ocrx_word' id='word_1_186' title='bbox 487 2065 564 2127; x_wconf 92' lang='lat' dir='ltr'><strong>diem</strong></span> <span class='ocrx_word' id='word_1_187' title='bbox 585 2065 735 2135; x_wconf 78' lang='lat' dir='ltr'><strong>dixerimt3</strong></span> <span class='ocrx_word' id='word_1_188' title='bbox 759 2082 884 2145; x_wconf 87' lang='lat' dir='ltr'><strong>quorum</strong></span> <span class='ocrx_word' id='word_1_189' title='bbox 900 2062 985 2124; x_wconf 87' lang='lat' dir='ltr'><strong>bonis</strong></span> <span class='ocrx_word' id='word_1_190' title='bbox 1003 2063 1135 2125; x_wconf 84' lang='lat' dir='ltr'><strong>multatis</strong></span> <span class='ocrx_word' id='word_1_191' title='bbox 1154 2082 1189 2126; x_wconf 90' lang='lat' dir='ltr'><strong>ex</strong></span> 
     </span>
     <span class='ocr_line' id='line_1_23' title="bbox 235 2147 1189 2230; baseline -0.003 -18"><span class='ocrx_word' id='word_1_192' title='bbox 235 2167 285 2222; x_wconf 87' lang='lat' dir='ltr'><strong>eo,</strong></span> <span class='ocrx_word' id='word_1_193' title='bbox 306 2149 384 2230; x_wconf 94' lang='lat' dir='ltr'><strong>quod</strong></span> <span class='ocrx_word' id='word_1_194' title='bbox 403 2149 436 2209; x_wconf 91' lang='lat' dir='ltr'><strong>iu</strong></span> <span class='ocrx_word' id='word_1_195' title='bbox 454 2147 604 2228; x_wconf 88' lang='lat' dir='ltr'><strong>publicum</strong></span> <span class='ocrx_word' id='word_1_196' title='bbox 627 2149 781 2211; x_wconf 88' lang='lat' dir='ltr'><strong>redactum</strong></span> <span class='ocrx_word' id='word_1_197' title='bbox 801 2154 860 2218; x_wconf 90' lang='lat' dir='ltr'><strong>est,</strong></span> <span class='ocrx_word' id='word_1_198' title='bbox 880 2164 972 2210; x_wconf 84' lang='lat' dir='ltr'><strong>aenea</strong></span> <span class='ocrx_word' id='word_1_199' title='bbox 994 2147 1025 2208; x_wconf 91' lang='lat' dir='ltr'><strong>in</strong></span> <span class='ocrx_word' id='word_1_200' title='bbox 1046 2147 1189 2228; x_wconf 81' lang='lat' dir='ltr'><strong>Capitolio</strong></span> 
     </span>
     <span class='ocr_line' id='line_1_24' title="bbox 233 2230 1189 2311; baseline -0.004 -14"><span class='ocrx_word' id='word_1_201' title='bbox 233 2232 334 2297; x_wconf 81' lang='lat' dir='ltr'><strong>limim</strong></span> <span class='ocrx_word' id='word_1_202' title='bbox 357 2238 387 2294; x_wconf 87' lang='lat' dir='ltr'><strong>et</strong></span> <span class='ocrx_word' id='word_1_203' title='bbox 410 2233 500 2294; x_wconf 90' lang='lat' dir='ltr'><strong>trium</strong></span> <span class='ocrx_word' id='word_1_204' title='bbox 522 2251 691 2296; x_wconf 88' lang='lat' dir='ltr'><strong>mensarum</strong></span> <span class='ocrx_word' id='word_1_205' title='bbox 711 2238 851 2311; x_wconf 84' lang='lat' dir='ltr'><strong>argentea</strong></span> <span class='ocrx_word' id='word_1_206' title='bbox 870 2249 938 2293; x_wconf 83' lang='lat' dir='ltr'><strong>vasa</strong></span> <span class='ocrx_word' id='word_1_207' title='bbox 964 2233 996 2291; x_wconf 92' lang='lat' dir='ltr'><strong>in</strong></span> <span class='ocrx_word' id='word_1_208' title='bbox 1019 2230 1093 2293; x_wconf 91' lang='lat' dir='ltr'><strong>cella</strong></span> <span class='ocrx_word' id='word_1_209' title='bbox 1114 2232 1189 2294; x_wconf 83' lang='lat' dir='ltr'><strong>loris</strong></span> 
     </span>
     <span class='ocr_line' id='line_1_25' title="bbox 233 2314 1189 2398; baseline -0.003 -18"><span class='ocrx_word' id='word_1_210' title='bbox 233 2317 390 2398; x_wconf 80' lang='lat' dir='ltr'><strong>lovemque</strong></span> <span class='ocrx_word' id='word_1_211' title='bbox 409 2317 442 2377; x_wconf 90' lang='lat' dir='ltr'><strong>iu</strong></span> <span class='ocrx_word' id='word_1_212' title='bbox 457 2314 584 2378; x_wconf 87' lang='lat' dir='ltr'><strong>culmine</strong></span> <span class='ocrx_word' id='word_1_213' title='bbox 599 2335 667 2379; x_wconf 93' lang='lat' dir='ltr'><strong>cum</strong></span> <span class='ocrx_word' id='word_1_214' title='bbox 681 2316 830 2396; x_wconf 81' lang='lat' dir='ltr'><strong>quadrigis</strong></span> <span class='ocrx_word' id='word_1_215' title='bbox 845 2323 875 2377; x_wconf 91' lang='lat' dir='ltr'><strong>et</strong></span> <span class='ocrx_word' id='word_1_216' title='bbox 892 2314 930 2375; x_wconf 88' lang='lat' dir='ltr'><strong>ad</strong></span> <span class='ocrx_word' id='word_1_217' title='bbox 946 2315 1035 2376; x_wconf 86' lang='lat' dir='ltr'><strong>licum</strong></span> <span class='ocrx_word' id='word_1_218' title='bbox 1049 2314 1189 2377; x_wconf 85' lang='lat' dir='ltr'><strong>Rumina·</strong></span> 
     </span>
     <span class='ocr_line' id='line_1_26' title="bbox 234 2397 1188 2463; baseline -0.001 -1"><span class='ocrx_word' id='word_1_219' title='bbox 234 2399 294 2463; x_wconf 89' lang='lat' dir='ltr'><strong>lem</strong></span> <span class='ocrx_word' id='word_1_220' title='bbox 313 2399 470 2462; x_wconf 86' lang='lat' dir='ltr'><strong>simulacra</strong></span> <span class='ocrx_word' id='word_1_221' title='bbox 490 2400 645 2462; x_wconf 80' lang='lat' dir='ltr'><strong>infantium</strong></span> <span class='ocrx_word' id='word_1_222' title='bbox 665 2399 850 2461; x_wconf 88' lang='lat' dir='ltr'><strong>conditorum</strong></span> <span class='ocrx_word' id='word_1_223' title='bbox 870 2397 951 2461; x_wconf 91' lang='lat' dir='ltr'><strong>urbis</strong></span> <span class='ocrx_word' id='word_1_224' title='bbox 971 2397 1025 2460; x_wconf 92' lang='lat' dir='ltr'><strong>sub</strong></span> <span class='ocrx_word' id='word_1_225' title='bbox 1047 2397 1188 2461; x_wconf 89' lang='lat' dir='ltr'><strong>uberibus</strong></span> 
     </span>
     <span class='ocr_line' id='line_1_27' title="bbox 234 2481 1188 2565; baseline -0.001 -21"><span class='ocrx_word' id='word_1_226' title='bbox 234 2483 320 2565; x_wconf 91' lang='lat' dir='ltr'><strong>lupae</strong></span> <span class='ocrx_word' id='word_1_227' title='bbox 330 2490 501 2563; x_wconf 77' lang='lat' dir='ltr'><strong>posuerunt</strong></span> <span class='ocrx_word' id='word_1_228' title='bbox 512 2485 704 2563; x_wconf 86' lang='lat' dir='ltr'><strong>semitamque</strong></span> <span class='ocrx_word' id='word_1_229' title='bbox 715 2501 785 2546; x_wconf 87' lang='lat' dir='ltr'><strong>saxo</strong></span> <span class='ocrx_word' id='word_1_230' title='bbox 795 2482 936 2562; x_wconf 85' lang='lat' dir='ltr'><strong>quadrato</strong></span> <span class='ocrx_word' id='word_1_231' title='bbox 947 2502 964 2545; x_wconf 89' lang='lat' dir='ltr'><strong>a</strong></span> <span class='ocrx_word' id='word_1_232' title='bbox 976 2481 1091 2562; x_wconf 84' lang='lat' dir='ltr'><strong>Capena</strong></span> <span class='ocrx_word' id='word_1_233' title='bbox 1102 2490 1188 2563; x_wconf 91' lang='lat' dir='ltr'><strong>porta</strong></span> 
     </span>
     <span class='ocr_line' id='line_1_28' title="bbox 194 2563 1186 2645; baseline 0 -20"><span class='ocrx_word' id='word_1_234' title='bbox 194 2566 274 2628; x_wconf 76' lang='lat' dir='ltr'><strong>laad</strong></span> <span class='ocrx_word' id='word_1_235' title='bbox 297 2567 398 2629; x_wconf 79' lang='lat' dir='ltr'><strong>biantis</strong></span> <span class='ocrx_word' id='word_1_236' title='bbox 418 2574 592 2627; x_wconf 88' lang='lat' dir='ltr'><strong>straverunt.</strong></span> <span class='ocrx_word' id='word_1_237' title='bbox 644 2574 674 2627; x_wconf 90' lang='lat' dir='ltr'><strong>et</strong></span> <span class='ocrx_word' id='word_1_238' title='bbox 693 2565 730 2628; x_wconf 86' lang='lat' dir='ltr'><strong>ab</strong></span> <span class='ocrx_word' id='word_1_239' title='bbox 751 2563 895 2628; x_wconf 89' lang='lat' dir='ltr'><strong>aedilibus</strong></span> <span class='ocrx_word' id='word_1_240' title='bbox 916 2563 1029 2645; x_wconf 90' lang='lat' dir='ltr'><strong>plebeis</strong></span> <span class='ocrx_word' id='word_1_241' title='bbox 1048 2565 1082 2628; x_wconf 88' lang='lat' dir='ltr'><strong>L.</strong></span> <span class='ocrx_word' id='word_1_242' title='bbox 1104 2565 1186 2627; x_wconf 77' lang='lat' dir='ltr'><strong>Aelio</strong></span> 
     </span>
     <span class='ocr_line' id='line_1_29' title="bbox 233 2646 1186 2729; baseline 0.001 -19"><span class='ocrx_word' id='word_1_243' title='bbox 233 2648 324 2710; x_wconf 90' lang='lat' dir='ltr'><strong>Paeto</strong></span> <span class='ocrx_word' id='word_1_244' title='bbox 350 2656 380 2709; x_wconf 91' lang='lat' dir='ltr'><strong>et</strong></span> <span class='ocrx_word' id='word_1_245' title='bbox 405 2648 437 2710; x_wconf 84' lang='lat' dir='ltr'><strong>G.</strong></span> <span class='ocrx_word' id='word_1_246' title='bbox 463 2646 565 2709; x_wconf 87' lang='lat' dir='ltr'><strong>Fulvio</strong></span> <span class='ocrx_word' id='word_1_247' title='bbox 590 2650 685 2711; x_wconf 82' lang='lat' dir='ltr'><strong>Curvo</strong></span> <span class='ocrx_word' id='word_1_248' title='bbox 711 2667 748 2713; x_wconf 92' lang='lat' dir='ltr'><strong>ex</strong></span> <span class='ocrx_word' id='word_1_249' title='bbox 769 2649 929 2712; x_wconf 88' lang='lat' dir='ltr'><strong>multaticia</strong></span> <span class='ocrx_word' id='word_1_250' title='bbox 954 2650 1027 2710; x_wconf 90' lang='lat' dir='ltr'><strong>item</strong></span> <span class='ocrx_word' id='word_1_251' title='bbox 1050 2651 1186 2729; x_wconf 83' lang='lat' dir='ltr'><strong>pecunia,</strong></span> 
     </span>
     <span class='ocr_line' id='line_1_30' title="bbox 234 2732 1187 2878; baseline 0.001 -85"><span class='ocrx_word' id='word_1_252' title='bbox 234 2748 323 2812; x_wconf 87' lang='lat' dir='ltr'><strong>quam</strong></span> <span class='ocrx_word' id='word_1_253' title='bbox 338 2734 657 2878; x_wconf 48' lang='lat' dir='ltr'><strong>exngrunltsspecuqtqiis</strong></span> <span class='ocrx_word' id='word_1_254' title='bbox 672 2732 831 2803; x_wconf 85' lang='lat' dir='ltr'><strong>damnatis,</strong></span> <span class='ocrx_word' id='word_1_255' title='bbox 850 2733 912 2795; x_wconf 94' lang='lat' dir='ltr'><strong>ludi</strong></span> <span class='ocrx_word' id='word_1_256' title='bbox 927 2732 996 2795; x_wconf 88' lang='lat' dir='ltr'><strong>iacti</strong></span> <span class='ocrx_word' id='word_1_257' title='bbox 1009 2741 1187 2814; x_wconf 83' lang='lat' dir='ltr'><strong>pateraeque</strong></span> 
     </span>
     <span class='ocr_line' id='line_1_31' title="bbox 234 2832 657 2879; baseline -0.002 0"><span class='ocrx_word' id='word_1_258' title='bbox 234 2832 371 2879; x_wconf 87' lang='lat' dir='ltr'><strong>aureaea</strong></span> <span class='ocrx_word' id='word_1_259' title='bbox 431 2832 482 2876; x_wconf 87' lang='lat' dir='ltr'><strong>ere</strong></span> <span class='ocrx_word' id='word_1_260' title='bbox 557 2834 590 2877; x_wconf 90' lang='lat' dir='ltr'><strong>os</strong></span> <span class='ocrx_word' id='word_1_261' title='bbox 630 2836 657 2878; x_wconf 87' lang='lat' dir='ltr'><strong>e.</strong></span> 
     </span>
     <span class='ocr_line' id='line_1_32' title="bbox 208 2833 1187 2981; baseline 0.003 -21"><span class='ocrx_word' id='word_1_262' title='bbox 208 2909 221 2960; x_wconf 92' lang='lat' dir='ltr'><strong>l</strong></span> <span class='ocrx_word' id='word_1_263' title='bbox 295 2899 394 2962; x_wconf 83' lang='lat' dir='ltr'><strong>xxiv.</strong></span> <span class='ocrx_word' id='word_1_264' title='bbox 427 2899 461 2972; x_wconf 81' lang='lat' dir='ltr'><strong>Q.</strong></span> <span class='ocrx_word' id='word_1_265' title='bbox 489 2833 559 2962; x_wconf 49' lang='lat' dir='ltr'><strong>mog</strong></span> <span class='ocrx_word' id='word_1_266' title='bbox 580 2900 688 2963; x_wconf 81' lang='lat' dir='ltr'><strong>Fabius</strong></span> <span class='ocrx_word' id='word_1_267' title='bbox 710 2904 843 2981; x_wconf 76' lang='lat' dir='ltr'><strong>quntum</strong></span> <span class='ocrx_word' id='word_1_268' title='bbox 871 2911 900 2962; x_wconf 91' lang='lat' dir='ltr'><strong>et</strong></span> <span class='ocrx_word' id='word_1_269' title='bbox 920 2902 954 2962; x_wconf 85' lang='lat' dir='ltr'><strong>P.</strong></span> <span class='ocrx_word' id='word_1_270' title='bbox 974 2901 1079 2963; x_wconf 84' lang='lat' dir='ltr'><strong>Decius</strong></span> <span class='ocrx_word' id='word_1_271' title='bbox 1099 2918 1187 2981; x_wconf 86' lang='lat' dir='ltr'><strong>quar·</strong></span> 
     </span>
     <span class='ocr_line' id='line_1_33' title="bbox 234 2982 1186 3065; baseline -0.004 -17"><span class='ocrx_word' id='word_1_272' title='bbox 234 2994 297 3048; x_wconf 89' lang='lat' dir='ltr'><strong>tum</strong></span> <span class='ocrx_word' id='word_1_273' title='bbox 318 2982 500 3046; x_wconf 88' lang='lat' dir='ltr'><strong>consulatum</strong></span> <span class='ocrx_word' id='word_1_274' title='bbox 518 2986 635 3057; x_wconf 87' lang='lat' dir='ltr'><strong>ineunt,</strong></span> <span class='ocrx_word' id='word_1_275' title='bbox 661 2984 756 3047; x_wconf 88' lang='lat' dir='ltr'><strong>tribus</strong></span> <span class='ocrx_word' id='word_1_276' title='bbox 780 2984 976 3047; x_wconf 88' lang='lat' dir='ltr'><strong>consulatibus</strong></span> <span class='ocrx_word' id='word_1_277' title='bbox 1006 3001 1186 3065; x_wconf 87' lang='lat' dir='ltr'><strong>censuraque</strong></span> 
     </span>
     <span class='ocr_line' id='line_1_34' title="bbox 209 3066 1186 3149; baseline 0.001 -21"><span class='ocrx_word' id='word_1_278' title='bbox 209 3068 366 3147; x_wconf 77' lang='lat' dir='ltr'><strong>scolleqae</strong></span> <span class='ocrx_word' id='word_1_279' title='bbox 380 3086 436 3130; x_wconf 90' lang='lat' dir='ltr'><strong>nec</strong></span> <span class='ocrx_word' id='word_1_280' title='bbox 451 3066 544 3146; x_wconf 76' lang='lat' dir='ltr'><strong>gloria</strong></span> <span class='ocrx_word' id='word_1_281' title='bbox 558 3072 651 3148; x_wconf 77' lang='lat' dir='ltr'><strong>magis</strong></span> <span class='ocrx_word' id='word_1_282' title='bbox 666 3086 782 3141; x_wconf 84' lang='lat' dir='ltr'><strong>rerum,</strong></span> <span class='ocrx_word' id='word_1_283' title='bbox 798 3087 872 3149; x_wconf 90' lang='lat' dir='ltr'><strong>quae</strong></span> <span class='ocrx_word' id='word_1_284' title='bbox 886 3069 991 3147; x_wconf 77' lang='lat' dir='ltr'><strong>ingens</strong></span> <span class='ocrx_word' id='word_1_285' title='bbox 1005 3076 1082 3140; x_wconf 84' lang='lat' dir='ltr'><strong>erat.</strong></span> <span class='ocrx_word' id='word_1_286' title='bbox 1100 3086 1186 3148; x_wconf 88' lang='lat' dir='ltr'><strong>quam</strong></span> 
     </span>
     <span class='ocr_line' id='line_1_35' title="bbox 234 3150 1187 3234; baseline -0.002 -20"><span class='ocrx_word' id='word_1_287' title='bbox 234 3152 391 3214; x_wconf 84' lang='lat' dir='ltr'><strong>concordia</strong></span> <span class='ocrx_word' id='word_1_288' title='bbox 408 3154 488 3213; x_wconf 87' lang='lat' dir='ltr'><strong>inter</strong></span> <span class='ocrx_word' id='word_1_289' title='bbox 501 3170 534 3214; x_wconf 89' lang='lat' dir='ltr'><strong>se</strong></span> <span class='ocrx_word' id='word_1_290' title='bbox 545 3150 627 3214; x_wconf 87' lang='lat' dir='ltr'><strong>clari.</strong></span> <span class='ocrx_word' id='word_1_291' title='bbox 657 3171 731 3234; x_wconf 88' lang='lat' dir='ltr'><strong>quae</strong></span> <span class='ocrx_word' id='word_1_292' title='bbox 742 3171 779 3215; x_wconf 91' lang='lat' dir='ltr'><strong>ne</strong></span> <span class='ocrx_word' id='word_1_293' title='bbox 790 3159 933 3233; x_wconf 83' lang='lat' dir='ltr'><strong>perpetua</strong></span> <span class='ocrx_word' id='word_1_294' title='bbox 944 3159 1035 3224; x_wconf 83' lang='lat' dir='ltr'><strong>esset,</strong></span> <span class='ocrx_word' id='word_1_295' title='bbox 1050 3151 1187 3213; x_wconf 89' lang='lat' dir='ltr'><strong>ordinum</strong></span> 
     </span>
     <span class='ocr_line' id='line_1_36' title="bbox 234 3236 1186 3316; baseline -0.003 -18"><span class='ocrx_word' id='word_1_296' title='bbox 234 3237 328 3316; x_wconf 77' lang='lat' dir='ltr'><strong>magis</strong></span> <span class='ocrx_word' id='word_1_297' title='bbox 341 3254 429 3316; x_wconf 86' lang='lat' dir='ltr'><strong>quam</strong></span> <span class='ocrx_word' id='word_1_298' title='bbox 449 3237 581 3316; x_wconf 87' lang='lat' dir='ltr'><strong>ipsorum</strong></span> <span class='ocrx_word' id='word_1_299' title='bbox 594 3237 673 3298; x_wconf 91' lang='lat' dir='ltr'><strong>iuter</strong></span> <span class='ocrx_word' id='word_1_300' title='bbox 689 3255 722 3299; x_wconf 88' lang='lat' dir='ltr'><strong>se</strong></span> <span class='ocrx_word' id='word_1_301' title='bbox 735 3247 885 3299; x_wconf 89' lang='lat' dir='ltr'><strong>certamen</strong></span> <span class='ocrx_word' id='word_1_302' title='bbox 897 3236 1090 3299; x_wconf 81' lang='lat' dir='ltr'><strong>interuenisse</strong></span> <span class='ocrx_word' id='word_1_303' title='bbox 1108 3252 1186 3305; x_wconf 87' lang='lat' dir='ltr'><strong>reor,</strong></span> 
     </span>
     <span class='ocr_line' id='line_1_37' title="bbox 206 3318 1188 3404; baseline -0.001 -23"><span class='ocrx_word' id='word_1_304' title='bbox 206 3320 362 3400; x_wconf 78' lang='lat' dir='ltr'><strong>apameno</strong></span> <span class='ocrx_word' id='word_1_305' title='bbox 373 3318 569 3391; x_wconf 84' lang='lat' dir='ltr'><strong>tendentibus,</strong></span> <span class='ocrx_word' id='word_1_306' title='bbox 581 3319 726 3383; x_wconf 81' lang='lat' dir='ltr'><strong>utFabim</strong></span> <span class='ocrx_word' id='word_1_307' title='bbox 736 3319 796 3404; x_wconf 78' lang='lat' dir='ltr'><strong>[m]</strong></span> <span class='ocrx_word' id='word_1_308' title='bbox 807 3322 954 3384; x_wconf 84' lang='lat' dir='ltr'><strong>Etruriam</strong></span> <span class='ocrx_word' id='word_1_309' title='bbox 962 3328 1044 3384; x_wconf 85' lang='lat' dir='ltr'><strong>extra</strong></span> <span class='ocrx_word' id='word_1_310' title='bbox 1053 3319 1188 3382; x_wconf 88' lang='lat' dir='ltr'><strong>ordinem</strong></span> 
     </span>
     <span class='ocr_line' id='line_1_38' title="bbox 234 3401 1188 3485; baseline 0.002 -24"><span class='ocrx_word' id='word_1_311' title='bbox 234 3403 414 3481; x_wconf 83' lang='lat' dir='ltr'><strong>provinciam</strong></span> <span class='ocrx_word' id='word_1_312' title='bbox 433 3401 568 3476; x_wconf 86' lang='lat' dir='ltr'><strong>baberet,</strong></span> <span class='ocrx_word' id='word_1_313' title='bbox 590 3403 703 3485; x_wconf 89' lang='lat' dir='ltr'><strong>plebeis</strong></span> <span class='ocrx_word' id='word_1_314' title='bbox 725 3405 892 3468; x_wconf 89' lang='lat' dir='ltr'><strong>auctoribus</strong></span> <span class='ocrx_word' id='word_1_315' title='bbox 906 3405 1009 3477; x_wconf 86' lang='lat' dir='ltr'><strong>Decio.</strong></span> <span class='ocrx_word' id='word_1_316' title='bbox 1026 3410 1060 3466; x_wconf 91' lang='lat' dir='ltr'><strong>ut</strong></span> <span class='ocrx_word' id='word_1_317' title='bbox 1072 3403 1110 3466; x_wconf 89' lang='lat' dir='ltr'><strong>ad</strong></span> <span class='ocrx_word' id='word_1_318' title='bbox 1123 3420 1188 3464; x_wconf 89' lang='lat' dir='ltr'><strong>sor-</strong></span> 
     </span>
     <span class='ocr_line' id='line_1_39' title="bbox 207 3485 1190 3570; baseline 0.005 -26"><span class='ocrx_word' id='word_1_319' title='bbox 207 3492 297 3547; x_wconf 81' lang='lat' dir='ltr'><strong>‹ttem</strong></span> <span class='ocrx_word' id='word_1_320' title='bbox 308 3493 467 3546; x_wconf 85' lang='lat' dir='ltr'><strong>revocaret</strong></span> <span class='ocrx_word' id='word_1_321' title='bbox 492 3485 547 3547; x_wconf 85' lang='lat' dir='ltr'><strong>luit</strong></span> <span class='ocrx_word' id='word_1_322' title='bbox 561 3495 642 3550; x_wconf 87' lang='lat' dir='ltr'><strong>certe</strong></span> <span class='ocrx_word' id='word_1_323' title='bbox 654 3490 802 3551; x_wconf 85' lang='lat' dir='ltr'><strong>contentio</strong></span> <span class='ocrx_word' id='word_1_324' title='bbox 817 3491 848 3551; x_wconf 91' lang='lat' dir='ltr'><strong>iu</strong></span> <span class='ocrx_word' id='word_1_325' title='bbox 862 3496 979 3559; x_wconf 85' lang='lat' dir='ltr'><strong>senatu;</strong></span> <span class='ocrx_word' id='word_1_326' title='bbox 995 3494 1025 3549; x_wconf 92' lang='lat' dir='ltr'><strong>et</strong></span> <span class='ocrx_word' id='word_1_327' title='bbox 1034 3495 1190 3570; x_wconf 81' lang='lat' dir='ltr'><strong>postquam</strong></span> 
     </span>
    </p>
   </div>
   <div class='ocr_carea' id='block_1_3' title="bbox 0 0 1292 4067">
    <p class='ocr_par' dir='ltr' id='par_1_3' title="bbox 0 0 1292 4067">
     <span class='ocr_line' id='line_1_40' title="bbox 0 0 1292 4067; baseline 0 0"><span class='ocrx_word' id='word_1_328' title='bbox 0 0 1292 4067; x_wconf 95' lang='lat' dir='ltr'><strong> </strong></span> 
     </span>
    </p>
   </div>
  </div>
 </body>
</html>
