2575 4067
243 206 306 269 280
425 220 518 263 arnan
532 222 608 264 xxn.
624 222 694 267 oar.
708 211 752 266 21.
765 212 809 266 22.
825 201 865 285 [a.
880 227 910 266 n.
926 229 952 267 e.
968 203 1031 286 537]

245 365 282 428 ad
297 368 476 428 maritimam
491 387 590 440 oram,
607 371 730 430 concitis
745 370 936 450 poprdaribns
952 374 984 431 in
1001 389 1125 449 agrurn
1148 390 1253 452 paca·

221 457 307 510 itum
322 452 470 512 sociorum
484 451 685 513 Romanorum
700 453 737 513 ad
754 454 954 532 poprdandum
969 465 1151 516 venerunt.
1199 456 1252 516 ad·

245 551 346 594 versus
368 552 419 595 eos
438 535 574 596 tribunus
593 536 719 597 miiitum
736 555 803 596 cum
820 538 962 616 expeditis
983 537 1112 598 auxiliis
1132 557 1156 599 a
1180 541 1251 600 Sci·

245 618 333 697 piene
345 619 427 678 missi
436 617 492 678 ieri
504 620 673 690 certamine,
686 627 718 679 ut
729 619 947 681 tumultuariam
958 639 1098 690 manum,
1116 622 1247 683 sudore

245 702 356 771 omnis,
379 703 483 762 occisis
498 702 673 781 quibusdam
694 704 844 782 captisque
869 722 1033 783 magnaque
1055 715 1168 780 parte
1196 724 1246 767 ar·

218 786 301 845 amis
325 792 420 845 exuta.
467 785 516 845 bic
542 793 642 846 tamen
661 785 802 847 tumultus
822 787 977 848 cedentem
999 786 1035 847 ad
1058 786 1243 850 Oceanum

246 866 458 929 Hasdrubalem
486 870 528 928 cis
552 868 694 929 Hiberum
723 870 760 930 ad
788 871 885 930 socios
915 870 1052 931 tutandos
1078 875 1241 932 retraxit

219 959 342 1012 ecastra
365 952 476 1012 Punica
502 952 534 1011 in
556 970 628 1030 agro
650 952 932 1030 Ilergavonensium,
959 962 1054 1014 castra
1077 953 1240 1015 Romana

248 1034 284 1096 ad
305 1034 414 1096 Novam
439 1034 560 1095 classem
582 1044 681 1106 erant,
708 1054 775 1096 cum
799 1036 876 1096 lama
897 1055 1004 1116 repens
1027 1035 1088 1097 aiio
1115 1041 1237 1099 avertit

221 1117 366 1180 tbellum.
412 1117 564 1186 Celtiberi,
584 1120 636 1200 qui
660 1120 809 1198 principes
829 1121 958 1197 regionis
975 1138 1045 1181 suae
1067 1124 1236 1182 miserant

248 1200 360 1280 legatos
387 1200 563 1282 obsidesque
591 1202 734 1264 dederant
758 1202 909 1272 Romanis,
941 1205 1044 1263 nuntio
1072 1206 1183 1265 misso
1216 1223 1231 1266 a

249 1285 387 1364 Scipione
410 1287 498 1346 exciti
525 1304 606 1347 arma
633 1287 766 1364 capiunt,
793 1287 1032 1365 provinciamque
1053 1286 1228 1367 Cartbagi-

249 1370 394 1431 niensium
406 1369 500 1430 rabdo
508 1372 639 1430 exercitu
647 1368 803 1437 invadunt;
816 1371 871 1429 tria
878 1369 984 1449 oppida
994 1371 1226 1449 viexpugnant

223 1452 392 1514 sindecum
407 1454 472 1532 ipso
483 1452 667 1516 Hasdrubale
674 1451 789 1513 duobus
799 1452 918 1532 proeliis
925 1455 1042 1531 egregie
1052 1465 1224 1532 pugnant;

250 1534 287 1596 ad
309 1534 477 1615 quindecim
504 1536 585 1596 milia
605 1537 733 1597 hostium
750 1536 936 1607 occiderunt,
961 1544 1102 1616 quattuor
1134 1537 1222 1598 milia

252 1636 319 1679 cum
336 1618 436 1679 multis
450 1618 625 1680 militaribus
639 1620 731 1697 signis
749 1621 877 1697 capiunt.

228 1709 239 1758 1
314 1700 401 1761 XXII.
431 1701 494 1761 Hoc
509 1709 586 1763 statu
605 1720 707 1763 rerum
725 1704 756 1762 in
772 1704 910 1782 Hispania
924 1703 955 1763 P.
972 1703 1071 1782 Scipio
1086 1704 1120 1762 in
1142 1722 1215 1782 pro-

252 1785 376 1844 vinciam
398 1785 492 1855 venit,
521 1794 681 1863 prorogato
715 1794 781 1864 post
808 1785 989 1849 consulatum
1021 1788 1150 1866 imperio
1174 1787 1214 1848 ab

251 1875 354 1928 senatu
368 1869 489 1936 missus,
502 1886 571 1930 cum
586 1871 707 1948 triginta
724 1869 818 1947 longis
833 1869 955 1930 navibus
968 1878 998 1931 et
1013 1877 1080 1930 octo
1091 1869 1215 1931 milibus

225 1949 376 2012 zmilitum
398 1969 564 2033 magnoque
586 1961 752 2013 commeatu
768 1952 898 2019 advecto.
928 1971 962 2013 ea
984 1953 1085 2014 elassis
1104 1954 1212 2031 ingens

252 2036 367 2114 agmine
379 2037 581 2097 onerariarum
597 2035 701 2116 procul
711 2037 770 2097 risa
782 2054 849 2096 cnm
861 2054 967 2114 magna
982 2035 1091 2097 laetitia
1102 2037 1210 2096 civium

227 2120 458 2199 esociorumque
471 2128 588 2199 portum
606 2120 782 2180 Tarraconis
796 2137 833 2179 ex
847 2118 905 2180 alto
920 2122 1023 2181 tenuit.
1057 2118 1098 2179 ibi
1116 2119 1209 2179 milite

253 2205 384 2284 exposito
404 2203 554 2286 proiectus
577 2204 675 2282 Scipio
698 2202 783 2263 iratri
804 2220 836 2262 se
858 2204 1024 2281 coniungit;
1049 2221 1083 2263 ac
1104 2202 1207 2262 deinde

211 2278 401 2349 'acommuni
422 2288 519 2348 animo
541 2287 721 2365 consilioque
740 2284 882 2363 gerebant
901 2285 1021 2347 bellum.
1062 2288 1205 2365 occupatis

252 2372 341 2450 igitur
354 2370 643 2449 Carthaginiensibus
658 2368 833 2431 Celtiberico
851 2368 928 2429 bello
946 2368 1024 2430 hand
1039 2378 1204 2430 cunctanter

252 2453 394 2514 Hiberum
416 2454 686 2532 transgrediuntur,
710 2470 764 2512 nec
785 2451 844 2512 ulio
867 2454 929 2512 viso
950 2453 1034 2514 hoste
1049 2453 1202 2531 Saguntum

252 2546 379 2613 pergunt
390 2539 449 2607 ire,
471 2536 549 2616 quod
568 2537 610 2597 ibi
622 2535 740 2597 obsides
761 2537 850 2596 totius
863 2535 1020 2614 praniae
1035 2536 1152 2597 traditos
1168 2535 1201 2595 ab

253 2618 415 2679 Hannibale
438 2618 516 2679 lama
533 2627 597 2680 erat
617 2618 733 2679 modico
754 2620 784 2679 in
807 2637 875 2679 arce
895 2619 1037 2680 custodiri
1054 2619 1199 2698 praesidio.

224 2700 281 2760 eid
305 2719 396 2761 unum
419 2701 525 2780 pignus
546 2700 701 2762 inclinatos
722 2708 759 2763 ad
774 2703 936 2764 Romanam
958 2704 1122 2763 societatem
1142 2721 1199 2763 om·

252 2785 334 2846 nium
356 2784 513 2863 Hispaniae
533 2783 709 2865 populorum
734 2788 847 2847 animos
871 2785 1055 2857 morabatur,
1082 2805 1117 2846 ne
1137 2803 1198 2846 san·

224 2871 341 2948 eguine
356 2868 483 2931 liberum
499 2887 619 2931 suorum
634 2869 719 2949 culpa
733 2869 907 2930 deiectionis
922 2868 1065 2930 lueretur.
1095 2888 1127 2930 eo
1142 2871 1197 2929 rin·

253 2953 319 3016 culo
334 2955 503 3033 Hispaniam
523 2955 567 3014 vic
589 2973 663 3015 unus
683 2952 814 3013 sollertia
836 2954 929 3029 magis
946 2972 1035 3032 quam
1049 2952 1121 3013 fldeli
1133 2970 1197 3013 con·

253 3038 317 3099 silio
332 3037 462 3099 exsolvit.
488 3036 601 3099 Abelux
616 3055 647 3097 er
653 3045 680 3097 at
690 3037 812 3114 Sagunti
833 3034 940 3095 nobilis
955 3036 1111 3115 Hispanus,
1129 3036 1196 3097 idus

254 3123 321 3183 ante
336 3122 457 3191 Poenis,
473 3130 553 3191 tum,
571 3120 668 3199 qualia
683 3120 857 3199 plerumque
871 3127 942 3181 sunt
956 3120 1140 3181 barbarorum
1154 3120 1195 3179 in·

226 3213 241 3263 7
253 3207 355 3285 genia,
372 3224 439 3267 cum
451 3206 568 3266 lortuna
582 3210 745 3265 mutaverat
756 3203 853 3264 fidem.
887 3212 1019 3264 ceterum
1032 3203 1193 3279 transfugam

252 3292 316 3351 sine
335 3307 459 3368 magnae
474 3289 519 3349 rei
532 3287 699 3367 proditione
710 3288 876 3348 venientem
891 3287 929 3348 ad
945 3287 1037 3348 hostis
1051 3284 1115 3346 nihil
1125 3283 1192 3345 aiud

253 3392 341 3452 quam
356 3391 447 3434 unum
462 3371 518 3433 vile
534 3381 620 3450 atque
639 3371 749 3432 iniame
766 3388 874 3448 corpus
888 3388 955 3431 esse
978 3378 1073 3440 ratus,
1092 3368 1117 3428 id
1133 3386 1191 3445 age·

255 3455 318 3524 bat,
335 3464 471 3533 utquam
486 3474 656 3516 maxumum
671 3455 902 3516 emolumentum
921 3455 1005 3515 novis
1025 3454 1106 3513 sociis
1117 3461 1187 3512 esset
