2575 4067
259 257 320 319 ³16
459 270 552 310 cmnn
564 269 641 311 1111.
657 268 726 312 cur.
740 255 784 310 to.
801 247 841 329 [a.
856 272 886 312 u.
901 268 925 308 c
941 248 1003 327 538]

257 417 462 495 sociorumque
486 417 565 476 circa
588 432 638 476 ros
658 433 693 476 eo
713 415 777 495 ipso
801 414 848 475 die
869 434 953 476 caesa
974 416 1080 476 iacent.
1130 418 1160 477 si
1184 427 1230 479 tot

257 497 388 577 exempla
411 500 526 560 uirtutis
540 516 601 559 nou
615 505 748 568 movent,
770 496 843 558 nihil
862 517 1000 578 umquam
1020 498 1177 570 movebit;
1198 500 1229 560 si

217 588 247 638 ta
258 588 337 642 muta
352 580 449 642 clades
464 580 551 642 rilem
570 583 658 642 vitam
672 598 732 642 nou
751 580 835 650 iecit,
856 580 936 641 nulia
950 581 1045 642 iacict.
1076 588 1107 641 et
1131 580 1228 643 liberi

255 671 343 743 etque
351 663 515 726 incolumes
526 664 691 726 desiderate
701 664 836 742 patriam,
848 665 939 724 immo
951 662 1129 733 desiderate,
1149 666 1227 727 dum

254 748 348 826 patric
364 755 422 816 est,
440 747 510 808 dum
521 748 598 807 cives
613 748 675 807 eius
690 748 772 807 estis:
787 762 854 806 sero
865 764 944 807 nunc
955 745 1150 816 desiderans,
1170 749 1224 809 de·

254 830 359 891 minuti
373 831 482 909 capite,
503 828 660 890 abalienati
672 830 738 890 iure
754 830 874 900 cisium,
898 830 975 889 servi
989 828 1222 907 Carthaginien·

216 920 246 973 tn
257 913 332 973 sium
347 913 425 973 iacti.
445 913 673 993 pretiorcdituri
679 914 749 973 estis
756 930 800 982 eo,
820 911 897 972 uude
909 912 1023 990 ignaria
1039 929 1074 971 ac
1082 915 1222 991 nequitia

254 992 372 1057 abistis?
401 995 434 1056 P.
446 996 654 1072 Sempronium
673 996 765 1057 civem
776 1004 906 1056 restrum
917 1014 978 1056 non
993 993 1117 1055 audistis
1132 1013 1220 1057 arma

255 1096 362 1157 capere
379 1095 414 1139 ac
427 1080 511 1158 sequi
525 1096 558 1139 sc
581 1077 745 1148 iubentem,
767 1076 959 1138 Hannibalem
974 1085 1041 1157 post
1054 1076 1149 1157 paulo
1166 1098 1218 1139 au·

216 1169 245 1219 tr
257 1162 339 1223 distis
353 1169 446 1223 castra
457 1160 544 1242 prodi
559 1168 588 1222 et
599 1180 680 1223 arma
690 1160 766 1222 tradi
777 1160 934 1222 iubentem.
967 1178 1150 1240 quamquam
1162 1180 1220 1240 ego

253 1246 398 1325 ignaviam
422 1245 546 1306 istorum
568 1262 688 1314 accuso,
715 1261 782 1305 cum
806 1242 901 1304 scelus
929 1245 1038 1323 possim
1059 1260 1214 1305 accusare.

253 1345 314 1389 non
334 1327 421 1388 modo
442 1329 522 1389 euim
542 1329 626 1407 sequi
645 1333 819 1388 recusarunt
842 1325 919 1388 hene
943 1333 1130 1397 monentem,
1161 1328 1216 1387 sed

253 1411 397 1472 obsistere
412 1428 447 1472 ac
470 1413 601 1473 retinere
620 1411 717 1472 conati
737 1417 819 1480 sunt,
844 1411 875 1469 ui
894 1405 1131 1486 strictis‘gladiis
1159 1412 1212 1469 riri

215 1500 244 1553 18
254 1494 406 1556 tortissimi
414 1495 519 1556 inertis
526 1493 749 1555 submovissent
773 1494 869 1572 prius,
880 1494 1015 1571 iuquam,
1028 1492 1059 1552 Ρ.
1070 1493 1210 1571 Sempro·

254 1578 303 1637 uio
322 1595 376 1656 per
397 1578 502 1640 civium
522 1594 627 1653 agmen
647 1595 734 1656 quam
753 1594 808 1655 per
827 1575 955 1636 hostium
975 1575 1030 1635 iuit
1050 1593 1208 1653 erumpen-

255 1658 334 1720 dum.
364 1659 418 1720 hos
432 1660 510 1720 cives
523 1659 617 1739 patria
634 1658 798 1719 desideret?
813 1677 939 1738 quorum
952 1660 977 1718 si
990 1660 1082 1718 ceteri
1098 1658 1213 1718 similes

252 1741 388 1818 tuissent,
410 1743 558 1802 neminem
579 1740 667 1802 hodie
681 1760 717 1803 ex
731 1743 778 1813 iis,
800 1742 850 1820 qui
871 1741 908 1802 ad
926 1741 1040 1802 Cannas
1059 1760 1208 1819 pugnare-

213 1829 244 1882 tt
254 1828 336 1892 runt,
359 1824 451 1884 civem
465 1823 597 1886 haberet.
628 1843 665 1885 cx
682 1823 799 1885 milibus
816 1833 930 1904 septem
950 1831 1131 1886 armatorum
1149 1843 1207 1885 ses·
1278 1869 1279 1886 ,

253 1906 331 1967 cenii
349 1908 521 1977 extiterunt,
544 1908 595 1988 qui
613 1925 769 1988 erumpere
786 1908 943 1977 auderent,
965 1909 1016 1987 qui
1034 1908 1066 1968 iu
1082 1908 1208 1985 patriam

254 1987 341 2051 liberi
354 1998 441 2070 atque
455 1992 560 2053 armati
573 1990 720 2061 redirent,
743 2009 838 2070 neque
853 1991 899 2052 his
913 1991 1054 2052 sescentis
1071 1996 1112 2051 tot
1125 1990 1204 2051 milia

213 2079 245 2132 20
256 2073 384 2136 hostium
391 2073 545 2136 obstitere:
557 2093 645 2155 quam
654 2081 748 2135 tutum
754 2076 810 2135 iter
818 2073 941 2137 duarum
954 2092 1046 2152 prope
1056 2072 1205 2151 legionum

253 2159 362 2237 angni
381 2158 512 2219 futurum
533 2159 659 2219 censetis
678 2157 788 2217 tuisse?
827 2156 975 2217 haberetis
995 2155 1084 2236 hodie
1106 2157 1206 2234 viginti
1278 2171 1279 2190 ¹

252 2240 332 2302 milia
351 2248 529 2303 armatorum
551 2241 657 2303 Canusi
681 2240 768 2300 iortia
787 2239 898 2309 tidelia,
919 2251 1018 2319 patres
1036 2241 1206 2319 conscripti
1278 2303 1279 2308 ,

252 2342 331 2385 nunc
343 2332 440 2385 autem
450 2323 582 2403 quemad
594 2323 714 2384 modum
725 2322 756 2383 hi
766 2321 837 2383 boni
845 2323 1003 2402 fidelesque
1014 2357 1055 2366 -
1066 2340 1136 2382 uam
1147 2322 1205 2382 ior·
1278 2343 1279 2388 1

212 2413 243 2463 21
255 2414 300 2468 tes
321 2424 359 2467 ue
377 2407 433 2485 ipsi
452 2406 570 2486 quidem
593 2406 720 2467 dixerint
734 2439 776 2450 —
796 2408 873 2466 cives
892 2424 957 2466 esse
973 2406 1113 2484 possuntt
1152 2405 1208 2467 uisi
1278 2425 1279 2428 ’

252 2491 317 2568 quis
328 2489 450 2549 credere
460 2497 557 2568 potest
570 2489 660 2550 inisse
671 2490 736 2550 usui
748 2488 981 2568 erumpentibus,
998 2490 1048 2568 qui
1058 2506 1096 2548 ne
1108 2507 1204 2550 erum·
1278 2487 1279 2546 i

252 2578 367 2650 perent,
382 2571 524 2633 obsistere
539 2574 636 2632 conati
650 2580 727 2643 sunt,
741 2579 858 2633 autnon
872 2572 1003 2632 invidere
1015 2589 1065 2632 eos
1079 2573 1205 2633 cumin·

253 2651 413 2713 columitati
422 2661 484 2712 tum
494 2653 604 2730 gloriae
614 2654 732 2714 iliorum
738 2672 792 2732 per
803 2657 939 2716 virtutem
950 2664 1061 2734 portae,
1074 2673 1141 2715 cum
1151 2653 1206 2714 sibi

253 2735 390 2795 tImorem
406 2736 609 2814 ignaviamque
623 2738 769 2798 servitutis
783 2739 994 2816 ignominiosae
1009 2755 1127 2798 causam
1143 2755 1206 2798 esse

212 2825 243 2875 tr
254 2818 356 2879 sciant.
390 2815 556 2880 maluerunt
570 2819 601 2878 in
616 2822 750 2881 tentoriis
763 2819 888 2882 latentes
906 2820 994 2882 simui
1008 2820 1104 2882 lucem
1121 2829 1206 2900 atquc
1278 2845 1279 2936 p

253 2901 368 2963 hostem
382 2911 549 2980 expectare,
575 2921 642 2964 cum
656 2902 771 2965 silentio
792 2905 887 2965 noctis
902 2903 1076 2983 erumpendi
1094 2906 1208 2964 occasio

254 2993 339 3048 esset.
390 2993 423 3046 ct
446 2984 483 3046 ad
505 2987 718 3066 erumpendum
741 2989 877 3048 ecastris
897 2986 990 3048 ‹leiuit
1015 2988 1143 3056 animm,
1172 2986 1206 3047 ad

213 3076 245 3129 2³
256 3068 375 3131 tutanda
390 3069 505 3130 fortiter
519 3077 614 3130 castra
630 3072 759 3131 animum
776 3068 957 3138 hahuerunt;
974 3070 1036 3130 dies
1048 3079 1208 3150 noctesque

254 3153 364 3232 aliquot
378 3151 490 3213 obsessi
501 3150 606 3213 vallum
621 3153 722 3223 armis,
741 3172 772 3214 se
787 3154 844 3232 ipsi
858 3154 943 3214 tutati
958 3152 1031 3214 valio
1043 3160 1129 3222 suut;
1144 3162 1205 3213 tan·
1278 3161 1279 3202 i

254 3236 320 3297 dem
335 3235 437 3296 ultima
452 3237 514 3297 ausi
530 3236 681 3315 passique,
700 3255 767 3297 cum
783 3237 881 3298 omnia
896 3235 1025 3297 subsidia
1037 3237 1111 3298 ritae
1125 3236 1204 3296 dees·

253 3327 319 3379 sent
339 3319 518 3399 adiectisque
540 3319 617 3379 iame
637 3318 747 3381 viribus
762 3338 845 3381 arma
864 3321 922 3380 iam
939 3321 1084 3381 sustinere
1107 3321 1207 3399 nequi·

254 3411 336 3471 rent,
353 3401 576 3463 necessitatibus
589 3404 682 3481 magis
697 3402 832 3465 humanis
846 3422 933 3483 quam
945 3403 1033 3464 armis
1048 3404 1116 3463 vicu
1130 3411 1205 3463 sunt.

212 3489 322 3540 storto
343 3482 404 3542 sole
427 3482 493 3563 [ab]
509 3483 600 3545 hostis
615 3486 652 3545 ad
674 3486 778 3546 vallum
796 3487 931 3553 accessit;
958 3492 1026 3547 aute
1048 3484 1204 3547 secundam
