2575 4067
220 217 280 282 188
377 234 471 276 unna
482 235 513 276 x.
530 233 598 276 aaa.
612 221 657 276 ao.
673 221 717 276 aa.
732 213 773 295 [a.
787 237 819 276 u.
834 235 860 275 o.
875 217 937 275 roo.
954 212 1016 292 aar]

178 387 211 441 to
284 380 360 442 Dum
371 380 444 442 haee
464 382 496 442 in
517 380 621 462 Apulia
632 381 826 461 gerebantur,
841 379 933 442 altero
949 379 1080 440 exercitu
1095 380 1182 441 Sam·

220 464 295 526 nites
315 464 529 536 Interamnam,
552 463 696 527 coloniam
717 465 896 534 Romanam,
916 481 991 543 quaa
1010 464 1057 524 via
1075 462 1182 524 Latina

178 553 211 605 it
222 555 279 618 est,
297 565 442 628 occupare
454 551 551 609 conati
565 549 671 610 urbem
682 565 741 610 non
756 554 929 609 tenuerunt:
945 563 1032 624 agros
1047 544 1181 625 depopu·
1283 552 1287 567 '

219 630 351 693 laticum
365 630 507 711 praedam
522 631 609 694 aliam
623 630 694 693 inde
708 633 829 692 mixtam
846 630 1001 693 hominum
1022 636 1109 708 atque
1127 648 1182 708 pe·

220 713 328 777 eutium
351 714 529 796 colonosque
551 723 652 795 captos
673 722 810 794 agerent,
830 714 863 774 in
881 715 1024 774 rictorem
1046 713 1183 774 incidunt

221 797 371 860 consulem
401 797 438 859 ab
464 798 590 860 Luceria
616 799 807 867 redeuntem
836 814 891 858 nee
919 796 1059 877 praedam
1085 795 1180 857 solum

221 883 370 953 amittunt,
393 881 472 944 sed
463 883 520 961 rpsi
534 881 623 961 longo
641 889 728 962 atque
742 881 875 961 inpedito
897 881 1015 958 agmine
1037 881 1181 958 inconpo-

181 973 212 1025 tu
223 966 272 1026 siti
287 964 460 1027 caeduntur.
497 964 599 1028 constal
613 966 814 1027 Interamnam
830 964 926 1025 edieto
939 962 1066 1024 dominis
1084 962 1182 1024 adres

220 1067 288 1111 suas
299 1047 463 1110 noscendas
476 1050 718 1130 recipiendasque
732 1049 876 1111 revocatis
891 1055 921 1109 et
934 1046 1066 1109 exercitu
1076 1046 1119 1107 ihi
1133 1064 1182 1107 re·

179 1139 212 1191 19
223 1131 292 1195 lloto
313 1133 500 1195 comitiorum
526 1149 612 1195 eausa
639 1133 764 1195 Romam
795 1139 840 1192 est
866 1131 1027 1210 proiectus
1070 1132 1118 1191 eui
1144 1131 1182 1192 de

222 1215 371 1295 triumpho
386 1218 485 1296 agenti
509 1224 633 1296 negatus
648 1217 744 1278 honos
759 1223 789 1276 et
803 1215 841 1276 ob
857 1216 963 1276 amima
977 1220 1020 1275 tot
1031 1213 1112 1275 milia
1125 1215 1182 1276 mi·

221 1298 305 1361 lltum
325 1306 354 1360 et
368 1299 448 1379 quod
466 1302 595 1381 captivos
617 1301 680 1362 sine
700 1301 836 1380 pactione
858 1298 1028 1376 subiugum
1042 1299 1181 1360 misisset.

193 1389 206 1441 l
283 1382 421 1445 XXXVII.
454 1383 562 1447 Consul
577 1382 652 1446 alter
665 1384 845 1453 Postumius,
870 1384 938 1461 quia
951 1383 984 1442 in
1001 1380 1181 1445 Samnitibus

222 1467 346 1528 materia
361 1465 433 1527 belli
448 1466 586 1537 deerat,
573 1485 606 1528 m
619 1467 768 1531 Etruriam
784 1465 955 1528 transducto
972 1466 1104 1526 exercitu
1118 1466 1183 1545 pri

194 1557 304 1611 smum
319 1556 537 1629 pervastaverat
549 1549 764 1612 Vulsiniensem
779 1567 899 1628 agrum;
915 1549 984 1610 dein
999 1567 1066 1609 oum
1081 1566 1178 1627 egres·

221 1634 261 1693 ais
278 1632 315 1693 arl
334 1632 459 1693 tuendos
476 1633 550 1694 ines
575 1634 654 1695 haud
671 1633 776 1713 procul
798 1633 954 1695 moenibus
973 1634 1104 1712 ipsorum
1128 1631 1180 1692 de-

221 1721 340 1794 pugnat.
372 1715 530 1777 duomilia
551 1734 586 1777 ae
601 1717 720 1778 ducenti
736 1718 928 1778 Etruseorum
949 1716 1044 1784 eaesi3
1065 1722 1180 1778 eeteros

193 1798 423 1878 apropinquitas
436 1798 520 1860 urbis
536 1806 627 1861 tutata
642 1807 695 1863 est.
729 1802 759 1861 in
773 1799 963 1862 Rusellanum
980 1816 1086 1878 agrum
1097 1817 1181 1861 exer·

221 1882 295 1943 eitus
311 1881 477 1952 traductum
493 1882 534 1944 ibi
549 1901 609 1944 non
625 1885 688 1962 agri
704 1891 815 1946 tantum
830 1885 946 1954 vastati,
970 1883 1023 1944 sed
1041 1883 1180 1963 oppidum

223 1967 311 2028 etiam
339 1974 553 2046 expugnatum
581 1975 665 2048 capta
687 1967 811 2047 amplius
832 1968 890 2028 duo
917 1966 998 2028 milla
1018 1967 1181 2038 hominum,

193 2050 319 2111 tminus
341 2050 498 2113 duomilia
521 2052 599 2112 eirea
620 2070 721 2113 muros
742 2069 836 2113 caesa.
872 2069 930 2130 pax
950 2060 1050 2112 tamen
1074 2050 1183 2112 clarior

221 2134 389 2215 maiorque,
410 2153 498 2215 quam
514 2133 624 2196 bellum
641 2136 673 2196 in
688 2135 806 2196 Etonia
821 2153 856 2196 eo
871 2151 948 2195 anno
964 2134 1076 2205 luerat,
1098 2142 1183 2214 parta

222 2225 280 2282 est:
297 2226 358 2281 tres
372 2218 566 2281 validissimae
579 2218 686 2290 urbes,
703 2218 840 2280 Etruriae
855 2218 965 2297 capita,
983 2217 1108 2279 Volsinii
1127 2219 1183 2280 Pe·

195 2303 302 2364 prusia
324 2303 490 2374 Arretium,
514 2320 618 2382 paoem
638 2302 768 2382 petiere;
799 2308 829 2362 et
854 2302 1035 2363 vestimentis
1056 2300 1182 2364 militum

221 2385 430 2465 frumentoque
444 2388 523 2465 paeti
537 2403 604 2447 eum
620 2384 754 2455 consule,
772 2393 805 2446 ut
819 2385 896 2446 mitti
906 2385 1030 2446 Romam
1047 2391 1183 2446 oratores

221 2468 338 2539 liceret,
369 2468 498 2530 indutias
524 2471 555 2530 in
586 2470 779 2549 quadraginta
809 2486 903 2530 annos
937 2470 1182 2548 impetraverunt.

221 2551 313 2612 multa
329 2569 470 2629 praesens
485 2554 678 2632 quingentum
693 2552 807 2614 milium
822 2553 898 2614 aeris
918 2553 949 2613 in
963 2551 1094 2631 singulas
1111 2553 1182 2611 eivi-

221 2640 297 2695 tates
317 2636 453 2713 inposita.

193 2725 211 2778 o
286 2716 330 2779 Ob
346 2718 435 2779 hasoe
450 2736 499 2779 res
515 2725 612 2798 gestas
624 2717 727 2780 consul
742 2737 809 2781 cum
822 2719 1007 2798 triumphum
1025 2718 1061 2780 ab
1079 2727 1183 2780 senatu

222 2803 313 2864 moris
330 2803 423 2880 magis
439 2820 526 2864 eausa
540 2820 628 2883 quam
645 2821 697 2885 spe
712 2802 890 2883 impetrandi
905 2804 1040 2881 petisset,
1056 2802 1182 2864 uiderat·

194 2894 279 2967 tque
297 2884 377 2957 alios,
392 2887 471 2966 quod
484 2887 597 2949 tardius
610 2886 648 2950 ab
660 2875 734 2948 urbe
748 2888 863 2957 exisset,
881 2886 961 2955 alios,
980 2885 1078 2965 quod
1070 2887 1182 2947 iniussu

222 2979 341 3033 senatus
363 2989 399 3032 ex
423 2971 577 3033 Samnio
568 2989 600 3032 m
622 2970 771 3032 Etruriam
794 2971 962 3041 transisset,
983 2971 1092 3049 partim
1114 2987 1183 3030 suos

221 3056 371 3125 inimicos,
392 3057 500 3133 parum
520 3054 651 3134 collegae
675 3053 845 3116 amieos-ad
870 3016 1011 3114 solacium
1042 3060 1183 3131 aequatae

196 3139 359 3219 8repulsae
374 3137 431 3200 sibl
452 3156 569 3219 quoque
591 3156 700 3218 negare
720 3138 920 3217 triumphum:
942 3154 1033 3209 „non
1055 3138 1122 3196 ita“
1136 3137 1183 3195 in·

223 3224 300 3303 quit,
315 3230 440 3302 „patres
456 3223 633 3303 conscripti,
650 3230 763 3284 vestrae
778 3221 938 3282 maiestatis
954 3221 1133 3290 meminero,
1152 3227 1185 3278 ut

223 3324 271 3367 me
292 3304 442 3369 consulem
463 3326 528 3370 esse
549 3305 714 3368 obliviscar.
757 3304 862 3367 eodem
884 3306 949 3365 iure
970 3305 1103 3384 imperii,
1125 3321 1185 3382 quo

223 3387 299 3450 bella
314 3391 406 3469 gessi,
427 3390 512 3453 hellis
540 3390 666 3452 leliaiter
689 3390 791 3469 gestis,
811 3389 930 3451 Samnio
952 3395 1039 3466 atque
1065 3387 1184 3448 Etruria

196 3470 367 3541 osubaaus.
384 3474 506 3536 notoria
518 3480 547 3535 et
562 3492 635 3553 paee
649 3481 733 3553 parta
746 3471 966 3551 triumphabo.·‘
993 3472 1034 3532 ita
1048 3478 1187 3534 senatum
