2575 4067
227 272 268 334 22
369 287 463 328 omne
477 285 532 329 vrr.
549 283 618 327 ose.
634 271 678 330 21.
696 273 739 322 22.
757 263 796 346 [a.
812 287 843 327 c.
858 286 884 328 c.
900 262 1061 346 iul-404]

228 433 347 497 comitia
361 432 478 503 haberi,
495 434 526 493 ni
542 431 706 494 secundum
721 433 864 493 Liciniam
879 430 976 511 legem
993 429 1191 503 haberentur,

228 520 372 580 dictatore
387 515 533 578 obstinato
548 516 653 579 tollere
670 518 768 597 potius
789 523 912 578 totume
932 514 1100 596 republica
1117 533 1191 577 con·

196 601 353 665 esulatum
370 619 458 680 quam
472 602 653 679 promiscum
674 600 808 680 patribus
828 618 862 662 ac
878 599 960 679 plebi
979 600 1087 662 iacere.
1117 618 1191 678 pro·

227 685 352 748 latandis
369 685 458 763 igitur
485 686 612 746 comitiis
633 703 700 746 cum
722 684 847 746 dictator
873 685 1046 763 magistratu
1067 681 1189 755 abisset,

227 789 277 832 res
292 767 328 830 ad
343 770 547 846 interregnum
561 767 658 830 rediit.
691 768 829 831 infestam
843 768 913 829 inde
924 766 1057 847 patribus
1067 766 1190 847 plebem

226 856 392 931 interreges
406 856 483 913 dium
507 853 710 931 accepissent,
731 853 768 913 ad
789 851 979 914 undecimum
1005 852 1190 929 interregem

196 946 212 998 o
228 937 420 999 seditionibus
436 943 579 997 certatum
594 943 648 997 est.
688 935 761 1015 legis
776 937 906 998 Liciniae
922 935 1120 1016 patrocinium
1134 936 1190 994 tri·

228 1023 300 1083 buui
315 1020 478 1089 iactabant;
494 1020 616 1099 propior
632 1019 717 1083 dolor
731 1020 812 1100 plebi
830 1021 961 1083 faenoris
978 1021 1188 1098 ingravescen-

229 1108 268 1167 tis
283 1113 360 1175 erat,
375 1121 523 1184 curaeque
536 1106 667 1183 privatae
681 1106 713 1165 in
728 1103 937 1166 certaminibus
951 1101 1077 1182 publicis
1088 1120 1188 1163 erum·

195 1188 346 1270 epebant.
387 1206 513 1268 quorum
537 1188 633 1250 taedio
655 1196 754 1269 patres
771 1190 803 1250 L.
829 1187 998 1251 Cornelium
1017 1186 1188 1265 Scipionem

227 1276 408 1351 interregem
431 1272 606 1335 concordiae
628 1292 716 1334 causa
740 1272 897 1335 observare
924 1271 1020 1350 legem
1043 1270 1188 1331 Liciniam

228 1359 353 1419 comitiis
371 1356 574 1418 consularibus
588 1359 711 1418 iussere.
741 1358 774 1418 P.
789 1355 904 1417 Valerio
918 1354 1088 1417 Publicolae
1103 1354 1188 1416 datus

147 1476 151 1484 -
196 1448 244 1502 oe
265 1440 353 1521 plebe
380 1438 492 1518 collega
512 1441 543 1503 G.
568 1441 696 1503 Marcius
716 1440 841 1502 Rutilus.
876 1439 1024 1501 inclinatis
1044 1437 1136 1500 semel
1155 1440 1189 1499 in

126 1572 130 1580 .
229 1523 418 1586 concordiam
433 1524 537 1585 animis
555 1526 622 1586 nori
636 1524 773 1587 eonsules
790 1524 961 1586 faenebrem
978 1541 1095 1605 quoque
1112 1540 1188 1594 rem,

228 1626 303 1687 quae
319 1606 461 1668 distinere
475 1626 534 1670 una
550 1610 664 1670 animos
686 1607 853 1679 videbatur,
875 1608 972 1669 levare
991 1607 1126 1686 adgressi
1139 1625 1188 1668 so·

155 1696 156 1700 ’
228 1692 371 1752 lutionem
389 1689 476 1752 alieni
492 1694 567 1754 aeris
584 1694 616 1753 in
636 1693 785 1772 publicam
806 1710 908 1754 curam
928 1700 1081 1754 verterunt
1100 1692 1188 1771 quin·

229 1775 356 1855 queviris
368 1776 488 1847 creatis,
504 1795 578 1856 quos
589 1779 754 1840 mensarios
764 1776 800 1837 ab
812 1775 1031 1857 dispensatione
1042 1776 1188 1855 pecuniae

195 1867 213 1917 6
228 1858 422 1939 appellarunt.
443 1862 542 1921 meriti
552 1863 699 1940 aeqriitme
710 1877 839 1938 curaque
853 1869 930 1932 sunt,
946 1871 979 1922 ut
989 1877 1043 1939 per
1054 1860 1186 1923 omnium

228 1942 377 2004 annalium
401 1952 591 2005 monumenta
614 1944 748 2007 celebres
767 1944 936 2006 nominibus
955 1952 1063 2006 essent.
1104 1943 1187 2004 luere

229 2036 327 2088 autem
345 2026 376 2088 C.
393 2026 522 2088 Duellius
540 2027 573 2088 P.
589 2028 695 2091 Decius
708 2029 773 2090 blus
786 2028 823 2090 ld.
840 2029 976 2108 Papirius
990 2028 1026 2100 Ο.
1043 2025 1187 2088 Publilius

196 2119 211 2168 7
229 2120 259 2171 et
272 2111 306 2171 T.
321 2110 478 2181 Aemilium
503 2113 554 2191 qui
574 2130 638 2174 rem
655 2111 857 2175 difficillimam
870 2121 997 2174 tractatu
1012 2119 1041 2174 et
1055 2111 1185 2191 plerum·

228 2213 285 2274 que
304 2196 381 2273 parti
403 2196 535 2275 utrique,
558 2214 677 2279 semper
699 2204 780 2259 certe
801 2196 886 2258 alteri
908 2214 1026 2276 gravem
1049 2213 1117 2257 cum
1132 2194 1188 2257 alia

228 2278 430 2342 moderatione
449 2287 512 2342 tum
532 2282 674 2359 inpendio
693 2283 787 2361 magis
816 2280 935 2362 publico
962 2299 1050 2360 quam
1074 2281 1189 2341 iactura

196 2366 440 2428 8sustinuerunt.
477 2364 561 2426 tarda
582 2368 662 2428 enlm
684 2366 804 2427 nomina
823 2372 853 2426 et
881 2365 1058 2445 inpeditiora
1078 2364 1188 2425 inertia

228 2447 396 2508 debitorum
415 2465 503 2526 quam
527 2448 715 2511 facultatibus
737 2456 788 2510 aut
810 2450 957 2512 aerarium
987 2449 1099 2510 mensis
1120 2465 1188 2509 cum

228 2548 297 2592 aere
310 2532 343 2590 in
357 2529 422 2590 loro
441 2530 546 2611 positis
566 2532 711 2604 dissolvit,
737 2543 771 2595 ut
789 2533 899 2613 populo
918 2534 1002 2614 prius
1023 2539 1187 2603 careretur,

227 2621 278 2674 aut
289 2615 452 2675 aestimatio
468 2616 569 2696 aequis
583 2634 685 2679 rerum
696 2618 798 2698 pretiis
812 2615 960 2690 liberarit,
976 2627 1010 2680 ut
1023 2635 1084 2679 non
1098 2614 1188 2678 modo

227 2699 292 2758 sine
306 2698 429 2769 iniuria,
451 2699 607 2761 sedetiam
625 2703 689 2763 sino
709 2703 901 2781 querimoniIs
918 2703 1010 2782 partis
1033 2701 1188 2781 utrimque

228 2781 368 2842 exhausta
384 2783 427 2845 vis
441 2784 547 2863 ingens
561 2786 638 2847 aeris
655 2786 743 2848 alieni
756 2789 802 2848 sit.

196 2872 213 2924 9
289 2865 401 2927 Terror
416 2867 485 2929 inde
500 2887 591 2932 rancis
604 2869 675 2932 belli
691 2871 823 2942 Etrusci,
840 2888 908 2932 cum
924 2870 1096 2932 coniurasse
1114 2870 1188 2930 duo·

227 2949 323 3012 decim
340 2951 465 3032 populos
480 2952 557 3015 fama
573 2963 666 3026 esset,
684 2956 857 3017 dictatorem
873 2953 932 3015 dici
948 2956 1054 3034 coegit.
1091 2954 1188 3015 dictus

226 3035 368 3096 incastris
381 3070 421 3082 —-
435 3056 470 3098 eo
483 3040 562 3098 enim
568 3038 604 3099 ad
613 3037 749 3101 consules
757 3040 880 3101 missum
893 3037 1187 3101 senatusconsultum

227 3126 273 3179 est
289 3154 328 3166 -
349 3120 379 3181 G.
391 3119 497 3191 lulius,
521 3123 569 3181 oui
588 3123 728 3201 magister
746 3125 876 3203 equitum
893 3123 1025 3185 adiectus
1040 3124 1072 3184 L.
1089 3123 1187 3184 demi·

152 3237 160 3250 -
197 3200 292 3264 ilius.
322 3210 453 3265 ceterum
464 3204 537 3265 ioris
556 3205 713 3286 manmiilla
727 3209 825 3269 omnia
841 3207 933 3269 inere.
978 3207 1067 3269 Xllll.
1098 3205 1186 3267 Tem·

225 3293 338 3365 ptatum
359 3287 437 3351 domi
460 3306 515 3368 per
536 3287 723 3364 dictatorem,
744 3299 778 3353 ut
797 3292 885 3353 ambo
905 3294 1022 3372 patricii
1049 3290 1187 3353 consules

194 3378 211 3426 2
225 3378 412 3443 crearentur,
427 3392 493 3436 rem
505 3373 542 3436 ad
555 3376 759 3454 interregnum
770 3375 917 3454 perduxit.
947 3377 1005 3438 duo
1021 3378 1186 3455 interreges

226 3452 258 3514 C.
279 3452 425 3533 Sulpicius
438 3466 468 3518 et
480 3457 518 3518 M.
535 3457 643 3521 Fabius
660 3461 828 3540 interpositi
844 3459 1012 3535 obtinuere,
1029 3460 1108 3542 quod
1125 3460 1186 3521 dic·

225 3541 302 3597 tator
329 3537 437 3600 frustra
465 3541 643 3612 tetenderat,
677 3545 794 3604 mitiore
817 3545 875 3605 iam
900 3544 988 3625 plebe
1016 3544 1055 3607 ob
1080 3560 1186 3606 recens
