2575 4067
259 232 355 275 nnana
368 232 435 276 vm.
452 231 521 275 cur.
537 221 581 274 24.
597 221 640 275 2⁶.
657 210 697 294 [a.
714 213 749 276 (l.
765 221 826 276 327.
843 213 906 297 tto]
1029 225 1069 286 75

96 382 257 461 egregium
268 378 383 441 lacinus
395 396 482 441 ausus
490 397 545 459 per
555 380 668 442 medios
676 382 805 463 erumpit
816 382 916 445 hostes
925 392 955 445 et
963 385 1068 447 ducem
1129 421 1133 430 ·

94 465 290 530 Lucanorum
304 464 469 524 comminus
484 481 661 543 congressus
679 464 850 535 obtruncet;
871 468 1062 531 contrahens·
1075 475 1109 528 tu

93 568 156 631 que
175 566 246 609 suos
260 565 297 608 ex
311 546 378 626 iuga
393 545 505 627 palatos
521 550 656 628 pervenit
665 549 702 610 ad
716 566 834 612 amnem
848 552 942 612 ruinis
957 569 1061 614 recen·

93 633 180 696 tibus
196 630 308 713 pontis,
332 650 421 711 quem
438 632 479 693 vis
495 650 588 712 aquae
602 631 778 703 abstulerat,
801 632 979 696 indicantem
1000 637 1068 698 iter.

92 736 192 799 quem
207 735 276 777 cum
290 716 406 776 incerto
420 716 494 777 vado
518 717 658 779 transiret
678 734 799 795 agmen,
825 716 920 779 lessus
937 726 1017 781 metu
1033 737 1068 781 ac
1080 727 1109 780 11

92 801 206 863 labore
234 797 318 860 miles
345 800 503 878 increpans
529 818 639 862 nomen
666 799 896 863 abominandum
925 800 1068 864 fluminis:

91 934 110 957 „
123 887 199 947 iure
212 884 344 945 Acheros
361 883 474 944 vocaris
481 891 499 915 “
514 884 618 964 inquit.
648 884 727 965 quod
744 884 796 945 ubl
810 882 847 946 ad
862 903 949 947 aures
963 885 1071 948 accidit

90 970 190 1049 regis,
203 967 309 1028 adiecit
315 966 463 1046 extemplo
475 969 606 1030 animum
613 967 680 1030 latis
692 970 751 1030 suis
758 968 945 1049 substititque
952 968 1067 1040 dubius,

89 1072 134 1116 an
152 1052 303 1115 traruiret.
334 1059 396 1114 tum
408 1051 551 1123 Sotimus,
566 1053 701 1114 minister
713 1071 750 1114 ex
764 1054 854 1132 regiis
868 1052 981 1133 pueris,
998 1053 1067 1133 quid
1080 1063 1111 1114 12

90 1141 126 1200 in
143 1144 230 1199 tanto
242 1136 413 1197 discrimine
426 1135 551 1216 perleuli
566 1144 755 1199 cunctaretur
766 1139 969 1216 interrogans,
992 1136 1068 1198 indi·

91 1232 146 1286 cat
157 1221 295 1282 Lucanos
306 1218 419 1281 insidiis
431 1238 574 1301 quaerere
584 1220 693 1283 locum.
722 1239 796 1300 quos
808 1219 860 1280 ubi
871 1221 1002 1301 respexit
1012 1239 1066 1283 rex
1079 1230 1111 1283 ta

45 1340 48 1346 ,
91 1303 207 1388 procul
223 1321 313 1384 grege
328 1303 405 1366 lactc
421 1305 587 1377 venientes,
606 1305 726 1384 stringit
741 1303 871 1384 gladium
886 1310 916 1365 et
936 1323 991 1384 per
1004 1323 1066 1366 me·

92 1391 184 1453 dium
200 1407 318 1450 amnem
335 1390 505 1451 transmittit
519 1407 643 1468 equum;
666 1390 784 1468 iamque
798 1389 830 1449 in
845 1386 950 1448 vadum
967 1405 1066 1467 egres·

92 1493 168 1537 sum
184 1474 299 1535 eminus
314 1480 417 1534 veruto
431 1472 567 1535 Lucanus
589 1473 657 1536 exul
677 1473 830 1552 transfigit.
860 1470 976 1550 lapsum
996 1471 1066 1533 inde
1078 1481 1110 1533 tt

95 1577 171 1621 cum
186 1557 361 1619 inhaerente
382 1555 441 1617 telo
456 1574 565 1637 corpus
580 1559 715 1621 exanime
730 1556 835 1620 detulit
850 1557 945 1618 amnis
958 1557 989 1617 in
1011 1557 1065 1618 ho·

92 1646 191 1707 stium
208 1639 364 1721 praesidia.
398 1639 439 1701 ibi
461 1641 547 1703 loeda
571 1642 711 1705 laceratio
727 1641 863 1723 corporis
882 1639 968 1704 iacta.
983 1659 1066 1703 nam·

95 1744 160 1808 que
175 1726 310 1805 praeciso
324 1725 423 1786 medio
437 1733 553 1803 partem
565 1726 753 1789 Consentiam
769 1726 895 1797 misere,
912 1743 982 1806 pars
995 1726 1067 1806 ipsis

94 1817 219 1873 retenta
239 1807 276 1871 ad
297 1807 467 1870 ludibrium.
499 1827 659 1888 quaecum
679 1809 783 1873 iaculis
802 1812 939 1891 saxisque
959 1808 1065 1891 procui
1077 1818 1108 1870 1³

93 1898 315 1964 incesseretur,
339 1891 446 1955 mulier
461 1911 520 1956 una
535 1894 611 1957 ultra
626 1894 822 1958 humanarum
843 1894 955 1956 irarum
976 1894 1065 1956 fldem

95 1979 243 2043 saevienti
256 1976 361 2038 turbae
371 1978 508 2048 inmixta,
524 1985 557 2040 ut
570 1996 731 2059 parumper
741 1979 923 2040 sustinerent
935 1987 1064 2058 precata,

97 2064 177 2127 ilens
188 2063 229 2123 ait
241 2062 333 2123 virum
345 2059 402 2121 sibl
416 2060 582 2141 liberosque
593 2070 694 2142 captos
705 2059 783 2143 apud
793 2061 895 2122 hostes
906 2078 986 2124 esse:
998 2080 1065 2143 spe·

96 2165 170 2210 rare
176 2163 303 2225 corpore
311 2145 395 2224 regio
405 2152 564 2224 utcumque
571 2143 700 2207 mulcato
708 2162 741 2205 se
752 2162 822 2205 suos
832 2142 1064 2224 redempturam.

97 2234 125 2293 is
136 2232 204 2291 bnis
214 2228 385 2291 lacerationi
396 2227 466 2300 tuit,
480 2227 685 2309 sepultumque
696 2228 871 2290 Consentiae
881 2226 960 2305 quod
972 2245 1064 2288 mem·
1077 2235 1109 2288 lt

98 2316 226 2377 brorum
240 2312 388 2393 reliquum
405 2313 461 2374 fuit
475 2330 546 2375 cura
563 2310 698 2374 mulieris
712 2311 813 2380 unius,
834 2310 1062 2389 ossaquebleta·
1075 2319 1107 2370 17

99 2407 226 2481 pontum
241 2397 278 2458 ad
296 2398 396 2459 hostes
409 2398 549 2469 remissa,
565 2394 634 2458 inde
650 2396 774 2476 Epirum
792 2393 913 2455 devecta
929 2392 966 2455 ad
981 2391 1066 2456 Cleo·

98 2492 218 2564 patram
236 2500 359 2543 uxorem
377 2500 571 2563 sororemque
588 2478 803 2562 Olympiadem,
825 2496 951 2557 quarum
971 2487 1065 2540 mater

99 2567 203 2646 magni
222 2565 379 2628 Alexandri
398 2566 504 2637 altera,
525 2583 612 2629 soror
632 2566 725 2628 altera
745 2563 809 2626 tuit.
842 2563 916 2625 baec
936 2562 974 2624 de
994 2563 1106 2625 Ale-18

99 2650 207 2714 randri
228 2651 378 2730 Epirensis
399 2652 475 2713 tristi
495 2658 616 2722 eventu,
639 2668 817 2731 quamquam
831 2647 965 2711 Romano
984 2646 1063 2709 beiio

99 2736 220 2797 iortuna
236 2753 303 2795 eum
320 2732 474 2805 abstinuit,
497 2741 611 2805 tamen,
636 2736 703 2814 quia
721 2731 850 2795 initalia
871 2732 949 2796 bella
964 2733 1062 2812 gessit,

99 2821 202 2902 paucis
216 2818 324 2880 dixisse
342 2820 412 2881 satis
425 2820 472 2881 sit.

163 2902 248 2964 xxv.
271 2901 383 2964 Eodem
398 2921 476 2965 anno
500 2902 713 2964 lectisternium
729 2901 854 2971 Romae,
877 2901 979 2979 quinto
996 2906 1089 2978 posti

100 2987 249 3051 conditam
260 2986 379 3056 urbem,
396 2986 490 3049 isdem
501 2984 608 3068 quibus
623 2993 691 3047 ante
707 2984 858 3063 placandis
872 2981 1006 3044 habitum
1020 2990 1065 3044 est

101 3074 172 3136 deis.
206 3073 273 3133 novi
287 3070 395 3132 deinde
409 3069 545 3132 consules
559 3071 641 3132 iussu
655 3067 757 3149 populi
771 3085 839 3129 cum
854 3066 1002 3127 misissent
1015 3067 1093 3145 quia

99 3157 268 3219 indicerent
288 3154 468 3217 Samnitibus
489 3153 615 3222 bellum,
637 3154 693 3232 ipsi
710 3154 824 3215 maiore
845 3156 954 3211 conatu
976 3168 1062 3229 quam

99 3242 240 3305 adversus
258 3239 387 3301 Graecos
401 3245 507 3301 cuncta
522 3236 675 3318 parabant.
709 3247 739 3298 et
753 3236 810 3298 alia
824 3252 898 3296 nova
912 3231 986 3292 nibil
1001 3239 1063 3294 tum

100 3328 199 3390 enimc
219 3323 275 3386 tale
292 3322 469 3402 agitantibus
490 3329 680 3382 accesserunt
694 3319 815 3381 auxilia:
845 3317 957 3380 Lucani
976 3324 1090 3398 atquae

101 3408 200 3490 Apuli,
226 3407 332 3488 quibus
352 3405 489 3487 gentibus
510 3402 583 3466 nihil
605 3402 642 3465 ad
666 3421 731 3466 eam
747 3403 826 3464 diem
847 3419 915 3463 cum
930 3399 1063 3464 Romano

100 3492 211 3575 populo
222 3493 334 3560 iuerat,
354 3493 385 3553 in
395 3490 483 3553 iidem
495 3497 653 3560 venerunt,
665 3506 747 3551 arma
756 3488 893 3569 virosque
905 3485 941 3547 ad
953 3485 1062 3548 bobum
