2575 4067
307 215 401 257 umen
414 215 445 256 x.
463 208 531 257 oar.
548 201 592 252 32.
608 200 652 256 33.
670 191 711 275 [a.
728 196 763 259 O.
778 202 839 256 295.
857 194 921 278 294]
1038 199 1098 264 183

128 371 236 446 pacata
257 363 466 440 scotorumque
488 353 591 442 populi
607 363 734 425 Romani
755 363 830 424 lines
845 363 1006 426 Samnitem
1029 381 1099 445 pro·

127 448 281 510 hibereut
325 462 394 507 cum
417 452 513 507 eastra
540 448 645 508 casule
668 445 784 508 conlata
809 454 922 518 essent,
948 446 1028 528 quod
1052 449 1127 509 rixa

127 534 290 594 Romanus
307 531 416 591 tutinus
436 530 530 591 rlotor
551 530 690 602 auderet,
710 531 775 593 ausl
797 530 945 593 Samnites
966 540 1036 593 suut
1060 563 1096 580 ·-

127 624 247 678 tautum
270 614 438 695 desperatio
459 612 561 676 ultlma
580 614 756 677 temeritads
775 613 846 677 iacit
864 647 907 660 -
931 623 1028 678 castra
1039 613 1097 677 Ilo·

127 718 220 762 mana
235 714 424 780 oppugnare:
446 704 477 759 et
499 715 678 778 quamquam
700 714 766 760 unu
781 699 862 759 veuit
881 697 919 759 ad
933 698 1024 760 duem
1038 706 1097 762 tun

128 782 228 847 audax
243 785 409 863 inceptum,
426 788 525 844 tamen
536 783 616 845 haud
634 784 756 845 omnino
771 800 878 845 vanum
894 782 958 844 aut.
989 781 1126 844 nebulas

128 877 197 930 erat
211 867 248 929 ad
262 864 388 928 multum
409 866 468 927 diei
488 865 580 929 densa
603 866 691 939 adeo,
715 875 749 929 ut
761 864 837 928 lucis
850 883 936 929 usum
958 868 1096 947 eruperat,

127 968 195 1013 uon
209 958 369 1031 prospectu
379 949 468 1012 modo
480 958 563 1012 extra
574 949 683 1012 rollum
697 950 849 1031 adempto,
866 950 918 1013 sed
930 952 1098 1034 propinquo

130 1036 224 1096 etiam
244 1033 498 1112 congredientium
511 1036 590 1096 inter
607 1052 640 1096 se
656 1043 828 1116 conspectu.
860 1035 917 1097 hac
931 1036 1012 1098 velut
1023 1034 1125 1097 late-7

128 1118 188 1179 bra
204 1117 376 1182 insidiarum
396 1118 466 1180 freti
480 1119 628 1181 Samnites
648 1120 768 1182 vixdum
790 1120 861 1182 satis
880 1126 962 1182 certa
982 1115 1048 1182 luce
1069 1127 1099 1182 et

130 1220 199 1265 cam
222 1203 316 1281 ipsam
336 1209 491 1282 premente
513 1202 639 1283 caligiue
657 1204 694 1267 ad
714 1204 873 1267 oudonem
887 1202 1050 1266 Romanam
1066 1204 1098 1266 lu

126 1294 218 1367 porta
232 1287 363 1365 seguiter
378 1293 514 1365 agentem
531 1286 644 1366 vigillas
658 1289 844 1369 perveniunt.
877 1289 1027 1368 lnprorlso
1045 1290 1127 1368 np·8

126 1371 241 1453 pressis
262 1388 319 1431 nnc
340 1370 432 1432 anImi
452 1372 521 1433 satis
543 1370 580 1433 ad
603 1373 803 1434 resistendum
827 1389 883 1435 uec
906 1373 1012 1434 virium
1030 1371 1096 1433 luit.

125 1456 166 1517 ab
183 1462 270 1533 tergo
282 1460 447 1516 castrorum
459 1453 622 1518 decumana
634 1464 721 1537 porta
731 1457 862 1537 impetus
872 1456 982 1526 iactus;
998 1457 1126 1536 itaquel)

127 1546 250 1620 captum
270 1539 488 1619 quaestorium,
510 1548 708 1621 quaestorque
730 1540 771 1603 ibi
795 1541 828 1603 L.
848 1540 981 1620 Opimius
1001 1541 1096 1605 Pansa

127 1625 254 1686 occisus.
292 1621 507 1685 conclamatum
527 1623 597 1685 inde
622 1625 661 1686 ad
680 1644 772 1687 arura.
822 1623 950 1688 XXXIII.
989 1623 1123 1687 Consull

125 1707 257 1770 tumultu
272 1707 382 1769 excitus
404 1707 541 1771 cohortes
561 1708 634 1770 duas
650 1711 813 1781 sociorum,
835 1709 984 1771 Lucanam
1008 1709 1096 1772 Sues·

125 1809 305 1872 sanamque,
325 1810 400 1872 quae
420 1795 570 1873 proximae
590 1793 668 1856 iorte
691 1802 789 1865 erant,
812 1796 891 1855 tueri
911 1795 1096 1872 praetorium

124 1871 228 1946 iubet;
245 1876 412 1956 manipulos
427 1877 579 1955 legionum
591 1876 750 1958 prinprali
763 1879 810 1939 ria
823 1877 946 1940 inducit.
976 1877 1125 1939 vixduma

123 1963 199 2024 satis
213 1961 318 2041 aptatis
334 1962 424 2023 armIs
437 1962 469 2022 iu
484 1961 605 2023 ordInes
620 1967 693 2022 eunt
710 1968 740 2021 et
754 1960 884 2022 clamore
896 1963 991 2041 magls
1007 1979 1096 2041 quam

123 2044 222 2109 oculis
236 2046 352 2106 hostem
367 2052 507 2115 noscunt,
530 2061 601 2116 uec,
624 2051 753 2125 quantus
772 2061 914 2106 numerus
928 2046 981 2114 sit,
1008 2047 1095 2107 aesti-

124 2131 204 2192 mari
214 2136 322 2209 potest.
348 2129 458 2190 cedunt
471 2131 570 2207 primo
581 2128 689 2188 incerti
702 2127 840 2189 fortunae
855 2135 966 2189 suaset
978 2128 1096 2190 hostem
1108 2133 1126 2185 a

121 2215 291 2276 Introrsum
311 2213 343 2291 in
366 2212 463 2274 media
485 2219 582 2275 castra
608 2213 766 2292 achpiunt.
805 2210 876 2273 iude
900 2228 968 2273 cum
994 2210 1097 2272 consul

121 2298 356 2368 vociferaretur,
379 2296 532 2377 expulsine
554 2304 638 2359 extra
659 2294 767 2358 vallum
791 2301 888 2358 castra
913 2294 1021 2356 deiude
1044 2312 1097 2357 sua

122 2382 329 2462 oppugnaturi
346 2389 460 2454 essent,
479 2384 630 2461 rogitans,
646 2379 777 2442 clamore
792 2378 907 2442 subiato
921 2380 1021 2440 conixi
1034 2380 1125 2459 pri-4

122 2486 177 2528 mo
191 2469 341 2537 resistunt,
360 2465 467 2528 deiude
478 2465 612 2528 iulerunt
623 2464 733 2546 pedem
745 2471 912 2548 urgentque
924 2462 1096 2544 etinpuisos

123 2550 219 2613 semel
234 2543 352 2613 terrore
369 2550 474 2613 eodem
489 2558 593 2630 agunt,
616 2569 676 2632 quo
696 2557 873 2630 coeperunt,
894 2555 924 2611 et
945 2547 1097 2630 expellunt

124 2644 212 2697 extra
229 2641 347 2715 portam
360 2634 536 2716 vallumque.
569 2636 640 2698 iude
659 2652 788 2717 pergere
810 2652 844 2698 ac
858 2633 1011 2716 persequI,
1028 2634 1124 2716 qutun

124 2717 247 2782 turbida
267 2719 318 2781 lux
338 2727 450 2781 metum
474 2721 553 2781 circa
575 2720 750 2782 insidiarum
776 2718 917 2791 iaciebat,
942 2738 1003 2781 non
1024 2720 1095 2788 ausi,

124 2803 261 2864 liberatis
275 2804 379 2864 castris
391 2806 522 2866 contenti
533 2811 714 2885 receperunt
725 2821 757 2865 se
769 2805 847 2865 intra
859 2802 967 2864 vallum
978 2809 1093 2863 trecen·

125 2887 166 2946 tis
185 2883 281 2945 ferme
302 2885 432 2948 hostium
454 2890 568 2951 ochsIs.
605 2888 809 2950 Romanorum
832 2886 965 2947 stationis
980 2885 1124 2964 prtmaet

128 2965 319 3047 vigilumque
332 2975 362 3029 et
374 2986 486 3043 eorum,
497 2975 548 3053 qui
559 2974 639 3035 clrca
651 2969 852 3053 quaestorium
865 2969 1009 3048 oppressi,
1025 2985 1094 3048 per·

125 3054 192 3114 lere
207 3050 244 3113 ad
259 3051 463 3131 septingentos
477 3058 607 3134 triginta.

192 3136 315 3198 Ammon
329 3135 399 3196 inde
414 3136 593 3201 Samnitibus
607 3158 668 3202 non
689 3136 793 3200 infelix
814 3136 936 3199 audacia
957 3135 1052 3206 auxit,
1068 3140 1124 3196 eti

128 3238 190 3282 nou
205 3220 294 3282 modo
312 3219 450 3301 proferre
470 3220 540 3282 indc
561 3230 657 3284 castra
672 3223 854 3292 Romanum,
878 3219 930 3282 sed
947 3237 986 3281 ne
1002 3217 1095 3300 pabu-

128 3302 185 3366 lari
196 3305 317 3386 quIdem
327 3323 383 3385 per
393 3322 481 3385 agros
498 3323 567 3367 suos
584 3306 787 3386 patiebantur;
809 3312 891 3365 retro
909 3307 941 3366 in
958 3310 1095 3384 pacatum

130 3386 277 3452 Soranum
296 3407 399 3468 agrum
415 3387 604 3470 pabulatores
618 3389 712 3452 ibant.
744 3407 869 3469 quarum
887 3406 988 3450 rerum
1006 3387 1124 3458 famas

129 3472 338 3533 tumultuosior
354 3475 456 3544 etiam,
472 3491 560 3553 quam
576 3492 625 3537 res
643 3486 743 3550 eraut,
759 3471 872 3554 perlata
888 3473 1012 3536 Romam
1028 3490 1096 3534 coe·
