2575 4067
254 264 295 328 26
441 278 684 322 creberrume.
701 266 745 321 25.
762 265 806 321 26.
821 255 861 339 [e.
877 281 909 320 u.
923 279 950 319 c.
967 254 1028 338 405]

255 445 379 507 sumque
404 426 483 488 haud
503 426 673 506 ambiguum
698 424 912 507 imperantibus
940 423 1048 485 milites
1073 422 1217 485 Romanis

256 512 371 586 datum,
386 509 563 575 absisterent
577 512 723 592 imperare
738 512 789 580 iis,
811 527 937 589 quorum
952 506 1060 568 auxilio
1076 515 1214 586 egerent:

223 602 240 653 6
255 596 373 657 Latinos
391 611 447 676 pro
461 612 513 656 sua
528 593 665 656 libertate
684 596 882 675 potiusquam
904 610 960 672 pro
976 590 1071 652 alieno
1087 592 1215 671 imperio

220 679 364 741 elaturos
385 697 475 741 arma.
512 680 590 740 inter
612 678 670 741 duo
693 677 781 739 simul
809 675 886 738 bella
905 683 1027 737 externa
1047 674 1217 737 delectione

255 766 342 826 etiam
357 765 505 826 sociorum
521 770 639 824 senatus
649 764 752 824 anxius
764 780 831 824 cum
847 767 997 829 cerneret,
1013 766 1094 819 metu
1109 766 1215 819 tenen·

255 847 322 920 dos,
346 865 420 928 quos
442 845 515 906 tides
539 864 599 906 non
622 848 780 917 tenuisset,
802 843 962 905 extendere
977 860 1079 904 omnes
1095 843 1216 923 imperii

256 934 332 993 vires
349 928 486 993 consules
502 928 610 991 dilectu
632 928 769 992 habendo
790 929 891 990 iussit:
914 926 991 988 civili
1008 928 1116 1007 qqupe
1133 934 1216 987 stan·
1283 935 1284 938 ’

257 1016 326 1077 dum
355 1015 486 1077 exercitu
514 1031 592 1085 esse,
629 1012 746 1093 quando
779 1012 895 1073 socialis
917 1018 1017 1072 coetus
1051 1009 1213 1072 desereret.

223 1106 239 1157 8
255 1098 397 1179 undique,
414 1115 474 1159 non
488 1097 601 1159 urbana
616 1104 745 1169 tantum,
761 1096 913 1157 sedetiam
931 1095 1040 1174 agresti
1053 1094 1212 1166 iuventute,
1283 1097 1284 1138 ἓ

256 1183 357 1244 decem
377 1180 508 1262 legiones
528 1182 655 1262 scriptae
683 1182 821 1243 dicuntur
846 1187 1021 1259 quaternum
1047 1177 1160 1239 milium
1184 1186 1216 1240 et
1283 1259 1284 1262 Ἴ

223 1273 240 1325 9
255 1266 438 1329 ducenorum
451 1265 582 1346 peditum
599 1266 788 1345 equitumque
803 1270 1006 1333 trecenorum,
1031 1280 1118 1341 quem
1134 1280 1214 1323 nunc
1283 1271 1284 1278 ’

255 1369 363 1412 novum
389 1351 567 1420 exercitum,
590 1351 615 1410 si
637 1368 694 1429 qua
708 1356 829 1410 externa
846 1349 889 1407 vis
911 1348 1043 1425 ingruat,
1066 1346 1123 1408 hae
1136 1346 1214 1407 vires
1283 1395 1284 1398 ,

253 1433 355 1515 populi
372 1434 512 1503 Romani,
531 1451 603 1512 quas
619 1434 668 1494 vix
681 1442 828 1493 terrarum
840 1431 919 1511 capit
932 1429 1028 1501 orbis,
1046 1437 1215 1492 contractae

254 1520 388 1579 inunum
400 1515 479 1577 hand
493 1515 579 1577 facile
595 1516 736 1578 efficiant:
753 1515 826 1578 adeo
842 1516 873 1575 in
885 1532 960 1594 quae
969 1513 1137 1576 laboramus
1150 1512 1213 1575 sola

256 1601 416 1670 crevimus,
434 1598 549 1661 divitias
565 1598 779 1680 luxuriamque.

213 1690 246 1742 10
316 1683 396 1744 lnter
412 1691 508 1746 cetera
526 1685 620 1746 tristia
641 1686 704 1745 eius
719 1684 788 1744 anni
804 1681 907 1743 consul
921 1680 995 1742 alter
1008 1682 1062 1760 dp.
1076 1679 1215 1742 Claudius
1283 1679 1284 1728 ἒ

254 1769 361 1847 inipso
375 1765 446 1828 belli
461 1774 602 1847 apparatu
617 1768 759 1835 moritur:
779 1765 986 1845 redierantque
997 1782 1046 1825 res
1056 1764 1093 1825 ad
1105 1764 1212 1826 Camil·
1283 1757 1284 1792 r

212 1857 243 1907 11
256 1849 335 1921 lum,
364 1851 411 1912 cui
433 1849 521 1912 unico
545 1849 659 1912 consuli
678 1850 724 1911 vel
746 1850 784 1911 ob
805 1848 891 1912 aliam
911 1848 1112 1927 dignationem
1134 1848 1213 1910 haud

254 1933 457 1995 subiciendam
470 1934 630 1995 dictaturae
645 1932 690 1995 vel
706 1932 744 1994 ob
763 1951 851 1994 omen
871 1932 998 1993 faustum
1012 1931 1049 1993 ad
1069 1930 1213 1993 Gallicum
1283 1993 1284 2006 2

253 2017 410 2079 tumultum
429 2018 611 2095 cognominis
629 2017 802 2078 dictatorem
819 2015 955 2095 adrogari
977 2015 1055 2077 haud
1077 2017 1146 2077 satis
1162 2015 1213 2076 de·
1283 2021 1284 2086 ξ

211 2106 358 2163 ltcorum
373 2101 467 2163 visum
483 2108 527 2162 est
539 2101 682 2181 patribus.
714 2100 817 2162 consul
831 2100 943 2161 duabus
965 2098 1132 2178 legionibus
1145 2098 1215 2160 urbi
1283 2139 1284 2142 κ

253 2186 442 2266 praepositis,
466 2192 532 2246 octo
550 2204 616 2247 cum
632 2185 665 2246 L.
680 2185 799 2246 Pinario
819 2191 957 2264 praetore
980 2183 1078 2244 divisis
1097 2201 1215 2245 memor
1283 2229 1284 2248 r

253 2277 393 2350 paternae
408 2270 522 2331 virtutis
538 2268 681 2331 Gallicum
695 2268 752 2331 sibi
767 2266 877 2328 bellum
890 2274 971 2328 extra
988 2274 1099 2328 sortem
1113 2271 1213 2338 sumit,
1283 2269 1284 2324 l

213 2357 243 2411 13
255 2361 422 2434 praetorem
435 2355 613 2415 maritimam
625 2370 708 2414 oram
723 2352 813 2413 tutari
828 2351 1014 2430 Graecosque
1029 2368 1132 2412 arcere
1146 2351 1214 2413 lito·

253 2437 335 2498 ribus
348 2438 441 2498 iussit.
472 2446 501 2498 et
524 2454 591 2498 cum
611 2438 643 2496 in
663 2454 767 2515 agrum
786 2435 976 2514 Pomptinum
1002 2434 1213 2505 descendisset,

253 2522 321 2599 quia
345 2537 442 2598 neque
463 2520 495 2579 ln
516 2520 627 2599 campis
642 2518 783 2598 congredi
803 2517 883 2580 nulla
904 2525 1028 2597 cogente
1048 2517 1216 2580 recolebat
1283 2525 1284 2552 ³

254 2611 284 2662 et
297 2601 483 2681 prohibendo
499 2601 749 2683 populatlonibus,
773 2621 846 2682 qnos
867 2609 951 2682 rapto
968 2603 1066 2663 vivere
1083 2604 1216 2664 necessi·
1283 2611 1284 2616 ’

254 2694 298 2747 tas
313 2692 442 2764 cogeret,
457 2687 527 2748 satis
540 2684 655 2748 domari
670 2685 811 2749 credebat
821 2686 945 2755 bostem,
961 2684 1061 2747 locum
1070 2686 1214 2749 idoneum

254 2770 364 2830 stativis
380 2768 497 2848 delegit.

223 2860 235 2909 1
314 2853 413 2915 XXVI.
439 2852 496 2916 Ubi
517 2872 583 2916 cum
609 2854 784 2917 stationibus
809 2855 900 2934 quieti
929 2861 1045 2934 tempus
1070 2860 1213 2925 tererent,

253 2936 353 3000 Gallus
361 2940 506 3019 processit
516 2938 717 3018 magnitudine
729 2938 1053 3018 atquearmislnslgnis,
1062 2940 1213 3016 quatiens·

252 3041 309 3102 que
325 3029 440 3084 scutum
457 3024 541 3085 hasta
556 3042 622 3085 cum
636 3022 784 3084 silentium
798 3022 931 3093 iecisset,
947 3028 1087 3102 provocat
1098 3039 1154 3102 per
1167 3024 1213 3082 in·

251 3114 413 3187 terpretem
428 3124 520 3168 unum
537 3124 573 3167 ex
588 3107 745 3175 Romanis,
768 3107 818 3184 qul
837 3123 938 3167 secum
958 3104 1038 3166 ferro
1060 3102 1210 3167 decernat

220 3196 236 3245 2
251 3190 289 3251 Μ.
306 3198 370 3253 erat
379 3188 512 3252 Valerius
522 3189 658 3251 tribunus
669 3189 793 3251 militum
808 3188 994 3257 adulescens,
1012 3190 1062 3269 qui
1073 3188 1152 3250 baud
1167 3190 1214 3249 ln·

251 3273 415 3352 digniorem
438 3293 473 3336 eo
497 3275 605 3336 decore
628 3292 660 3335 se
681 3292 769 3354 qnam
788 3272 823 3335 T.
844 3272 985 3335 Manlium
1005 3280 1103 3343 ratus,
1130 3274 1214 3353 prius

252 3357 416 3421 sciscitatus
430 3358 558 3421 consulis
570 3357 748 3421 voluntatem
759 3359 791 3419 in
801 3356 931 3420 medium
946 3364 1077 3420 armatus
1091 3374 1213 3438 proces·

221 3440 299 3501 osit.
330 3442 428 3503 minus
448 3443 564 3523 insigne
584 3450 734 3505 certamen
753 3441 914 3504 humanum
936 3442 1058 3503 numine
1080 3441 1213 3521 interpo-

251 3522 307 3582 sito
322 3523 445 3586 deorum
467 3526 578 3587 lactum
616 3544 743 3608 namque
763 3528 931 3588 conserenti
944 3527 1002 3587 iam
1017 3543 1138 3586 manum
1153 3524 1213 3585 no
