2575 4067
255 243 297 306 48
446 255 618 298 munerun
633 254 702 297 oar.
718 242 743 294 1.
762 242 786 295 2.
809 232 846 314 [a.
863 256 893 294 n.
910 256 937 293 c.
954 236 1021 313 413]

224 404 293 465 tad
311 404 456 465 Satricum
472 402 601 463 adlatum
618 410 671 463 est.
701 411 860 481 utrumque
874 399 988 462 bellum
1006 400 1125 460 Plautio
1140 407 1213 458 sorte

255 487 344 548 venit.
372 487 454 565 prius
475 486 511 547 ad
536 487 710 548 Privernum
736 486 887 566 protectus
902 482 1058 564 extemplo
1075 485 1140 545 acie
1149 500 1213 541 con·

254 572 337 632 flixit.
359 569 437 631 haud
448 588 554 649 magno
567 572 729 631 certamine
742 571 849 631 devicti
859 569 978 639 hostes;
992 563 1140 647 oppidum
1151 585 1212 645 eap-

254 664 316 716 tum
332 653 537 734 redditumque
550 652 770 716 Privernatibus
792 652 939 734 praesidio
956 652 1061 713 valido
1076 651 1212 730 inposito,

222 750 239 798 4
254 740 317 817 agri
331 745 430 817 partes
443 739 517 799 duae
532 737 694 818 ademptae.
720 737 791 799 inde
801 739 894 797 victor
906 738 1062 798 exercitus
1074 736 1212 796 Satricum

255 832 357 883 contra
377 822 500 882 Antiatis
522 821 635 882 ductus.
664 821 705 882 ibi
725 839 831 900 magna
850 821 1002 900 utrimque
1022 819 1118 881 caede
1136 826 1213 878 atrox

253 905 398 987 proelium
413 907 483 974 luit;
507 914 536 965 et
555 922 622 965 cum
638 913 797 985 tempestas
818 923 868 965 eos
883 913 991 965 neutro
1007 902 1151 964 inclinata
1167 918 1212 979 spe

254 990 426 1051 dimicantes
453 987 632 1058 diremisset,
654 989 792 1059 Romani,
817 987 890 1049 nibil
911 1006 946 1049 eo
970 988 1143 1048 certamine
1160 994 1210 1044 tam

222 1083 238 1134 n
253 1073 391 1152 ambiguo
407 1073 491 1143 lessi,
503 1071 534 1131 in
545 1080 696 1151 posterum
710 1072 788 1133 diem
799 1071 944 1152 proelium
954 1079 1077 1151 parant.
1108 1067 1212 1128 Volscis

253 1157 489 1226 recensentibus,
512 1173 584 1234 quos
606 1157 684 1217 viros
708 1158 739 1216 in
764 1158 827 1216 acie
857 1157 1044 1225 amisissent,
1066 1152 1210 1231 haudqua-

253 1260 341 1322 quam
354 1243 433 1303 idem
444 1242 558 1302 animus
570 1239 606 1300 ad
616 1240 782 1301 iterandum
794 1238 958 1319 periculum
970 1239 1045 1300 fuit:
1063 1248 1152 1299 nocte
1163 1252 1210 1315 pro

253 1328 335 1387 victis
353 1327 470 1387 Antium
485 1326 600 1402 agmine
614 1324 730 1402 trepido
748 1325 853 1384 sauciis
875 1342 909 1384 ac
927 1333 1015 1404 parte
1029 1321 1209 1402 inpedimen-

221 1416 350 1471 otorum
372 1409 474 1470 relicta
500 1407 643 1468 abierunt.
682 1425 832 1469 armorum
855 1426 960 1486 magna
980 1410 1026 1468 vis
1049 1425 1118 1466 cum
1140 1406 1210 1463 inter

254 1512 338 1555 caesa
352 1494 479 1554 hostiurn
491 1509 616 1571 corpora
630 1503 693 1552 tum
707 1494 853 1552 incastris
866 1494 985 1552 intenta
996 1499 1055 1552 est.
1088 1509 1122 1549 ea
1138 1488 1209 1549 Luae

253 1578 341 1638 matri
362 1576 433 1636 dare
455 1593 486 1634 se
507 1574 609 1635 consul
632 1575 720 1648 dixit,
750 1577 882 1656 finesque
902 1577 1034 1637 bostium
1056 1590 1151 1652 usqne
1177 1567 1214 1628 ad'

253 1677 336 1720 oram
348 1660 535 1720 maritumam
554 1668 598 1720 est
612 1658 818 1739 depopulatus.

220 1748 237 1789 l
315 1743 408 1805 Alteri
429 1741 542 1803 consuli
562 1743 686 1804 Aemilio
701 1745 835 1822 ingresso
856 1744 1005 1805 Sabellum
1029 1759 1135 1823 agnum
1154 1752 1207 1798 11⁰ss

254 1835 349 1888 castra
365 1827 553 1898 Samnitium,
575 1845 634 1886 non
651 1826 782 1905 legiones
796 1847 918 1908 usquam
937 1831 1103 1908 oppositae.
1134 1823 1205 1883 ferro

253 1912 373 1991 ignique
391 1921 552 1972 vastantem
569 1929 655 1988 agros
675 1910 763 1989 legati
780 1912 953 1973 Samnitium
970 1930 1078 1991 pacem
1097 1913 1205 1970 orantes

221 1995 371 2057 sedeunt.
400 2015 416 2056 a
431 2014 489 2074 quo
500 1995 603 2055 reiecti
618 1993 656 2054 ad
675 2006 809 2057 senatum
828 2005 972 2075 potestate
987 1996 1069 2057 iacta
1087 1986 1204 2054 dicendi.

252 2081 355 2160 positis
371 2079 519 2141 ferocibus
538 2080 642 2139 animis
664 2097 768 2159 pacem
789 2080 845 2140 sibi
862 2080 898 2141 ab
918 2081 1062 2141 Romanis
1085 2073 1205 2151 bellique

222 2169 239 2221 9
253 2166 299 2225 lus
313 2163 451 2225 adversus
463 2162 607 2225 Sidicinos
622 2164 783 2244 petierunt:
801 2182 917 2244 quaese
929 2183 964 2225 eo
978 2165 1086 2226 iustius
1100 2167 1203 2240 petere,

251 2248 331 2329 quod
352 2257 382 2310 et
402 2249 432 2309 in
454 2249 610 2310 amicitiam
624 2247 725 2328 populi
739 2248 865 2310 Romani
882 2248 1020 2309 secundis
1034 2249 1097 2310 suis
1112 2241 1203 2305 rebus,

252 2351 311 2394 non
324 2333 469 2405 adversis,
484 2343 517 2394 ut
530 2334 687 2412 Campani,
703 2334 860 2403 venissent,
873 2341 902 2392 et
912 2331 1053 2394 adversus
1065 2326 1202 2392 Sidicinos

253 2428 404 2478 sumerent
416 2434 513 2486 arma,
531 2434 599 2477 suos
614 2434 732 2496 semper
742 2414 855 2487 hostes,
871 2415 972 2495 populi
982 2415 1111 2478 Romani
1125 2424 1202 2471 num·

210 2503 244 2556 10
255 2519 342 2580 quam
364 2502 487 2569 amicos,
508 2501 559 2578 qul
580 2516 651 2568 nec,
672 2507 705 2561 nt
719 2499 878 2570 Samnites,
899 2504 929 2562 in
945 2519 1020 2580 pace
1040 2496 1200 2563 amicitiam

252 2587 333 2653 nec,'
342 2592 376 2643 ut
391 2583 545 2661 Campani,
562 2581 702 2643 auxilium
716 2584 747 2643 in
761 2581 840 2644 bello
853 2587 1009 2664 petissent,
1033 2602 1090 2646 nec
1105 2582 1136 2641 in
1150 2571 1201 2635 fide

222 2673 235 2721 1
251 2665 352 2746 populi
367 2667 493 2727 Romani
503 2684 558 2727 nec
572 2668 604 2726 in
619 2665 735 2727 dicione
750 2677 857 2729 essent.
901 2669 936 2731 ΙΙ.
966 2669 1038 2732 Cum
1056 2669 1094 2729 de
1109 2666 1201 2744 postu·

252 2749 322 2811 latis'
333 2750 507 2811 Samnitium
518 2750 553 2811 T.
567 2749 708 2812 Aemilius
722 2762 843 2831 praetor
859 2761 992 2815 senatum
1004 2745 1199 2814 consuluisset

219 2842 236 2889 2
250 2833 492 2914 reddendumque
506 2834 542 2895 iis
556 2833 660 2895 foedus
672 2844 770 2916 patres
783 2838 977 2908 censuissent,
992 2845 1113 2916 praetor
1124 2831 1199 2891 Sam·

251 2917 361 2979 nitibus
382 2918 548 2998 respondit,
565 2937 636 2991 nee,
653 2940 711 3000 quo
727 2922 824 2982 minus
838 2929 980 3001 perpetua
994 2940 1060 2982 cum
1079 2920 1120 2978 eis
1134 2906 1198 2972 aml'·

252 3005 320 3064 citia
335 3012 426 3074 esset,
444 3022 499 3084 per
518 3003 660 3083 populum
681 3006 844 3066 Romanum
867 3006 996 3076 stetisse,
1017 3023 1074 3065 nec
1090 3003 1197 3062 contra·

252 3087 325 3158 diei,
342 3090 422 3167 quin,
438 3089 576 3167 quoniam
589 3088 670 3166 ipsos
681 3086 752 3148 belli
763 3087 848 3168 culpa
859 3108 911 3151 sua
923 3091 1066 3150 contracti
1077 3080 1197 3169 taediutn

218 3178 234 3229 3
251 3175 377 3251 ceperit,
393 3173 520 3233 amicitia
533 3170 569 3231 de
585 3173 701 3250 integro
716 3172 937 3243 reconcilietur;
953 3173 1032 3253 quod
1049 3171 1085 3233 ad
1102 3162 1197 3228 sidiu-

251 3273 306 3316 nos
318 3259 455 3325 attineat,
482 3255 556 3316 nlhil
581 3257 738 3327 intercedi,
758 3275 816 3336 quo
836 3259 934 3318 minus
954 3258 1077 3319 Samniti
1096 3238 1197 3333 popul⁰

218 3346 235 3393 4
249 3341 330 3417 pacis
344 3340 473 3420 bellique
487 3339 614 3402 liberum
624 3341 779 3403 arbitrium
791 3342 837 3403 sit.
866 3340 987 3403 foedere
1001 3343 1060 3402 icto
1072 3353 1137 3399 cum
1150 3327 1194 3388 ἅθ’

250 3441 330 3482 mum
347 3425 550 3498 revertissent,
576 3426 724 3505 extemplo
745 3425 814 3487 inde
830 3426 975 3487 exercitus
988 3427 1135 3487 Romanus
1150 3410 1195 3471 tle·

251 3504 355 3565 ductus
367 3525 464 3566 annuo
475 3507 623 3585 stipendio
634 3519 663 3571 et
674 3513 763 3570 trium
774 3528 909 3570 mensum
921 3511 1068 3571 frumento
1074 3503 1196 3579 accepite
