2575 4067
269 250 331 309 100
448 264 543 306 nmen
556 265 600 306 rx.
616 262 684 306 osa.
699 251 723 302 ⁷.
737 251 763 302 8.
777 247 814 316 [a.
829 262 857 299 u
872 261 895 300 o.
909 247 968 299 433.
982 242 1044 314 434]

269 414 372 477 dorem
392 412 552 475 intuendae
574 410 651 473 lucis
670 412 822 490 ingentem
845 408 954 471 molem
976 410 1091 469 marum
1113 423 1151 466 ex
1165 403 1227 467 alto
1282 415 1283 422 ¹

242 495 362 561 tanimi
374 499 480 560 cientis
490 497 603 558 indicia
614 512 690 561 esse.
712 493 902 556 autRomana
911 511 943 555 se
953 494 1094 570 ignorare
1105 489 1227 569 ingenia

270 590 321 645 aut
338 583 489 645 silentium
502 580 576 643 illud
589 578 771 642 Samnitibus
785 577 901 641 llebiles
915 576 999 640 brevi
1013 575 1160 638 clamores
1174 590 1227 652 ge·

270 669 420 748 mitusque
434 668 644 734 excitaturum,
660 663 867 743 Caudinaeque
882 664 964 740 pacis
978 660 1129 740 aliquanto
1141 658 1228 720 Sam·

243 762 258 811 5
270 751 383 814 nitibus
398 768 487 829 quam
497 750 639 812 Romanis
654 749 817 810 tristiorem
831 746 1006 810 memoriam
1019 744 1101 806 fore:
1117 745 1229 824 quippe

272 853 343 898 suos
358 853 507 914 quemque
521 852 625 897 eorum
636 833 751 895 animos
761 831 946 902 habiturum,
961 829 1144 908 ubicumque
1155 845 1227 888 con·
1282 847 1283 850 ¹

272 923 405 999 grossuri
415 922 488 994 siut;
501 919 593 981 saltus
605 917 753 980 Caudinos
766 933 827 978 non
838 915 949 995 ubique
961 912 1144 977 Samnitibus
1152 912 1228 973 fore.
1282 909 1283 990 ᾗ

244 1016 261 1064 6
334 1004 398 1066 Iam
411 1003 523 1065 Romae
544 1004 634 1063 etiam
655 1019 708 1063 sua
728 1002 848 1063 infamis
869 999 968 1061 clades
981 1005 1052 1063 erat.
1089 995 1229 1059 obsessos
1282 1059 1283 1066 χ

273 1090 402 1169 primum
417 1088 587 1151 audierunt:
603 1086 717 1147 tristior
728 1085 835 1148 deiude
845 1085 1061 1163 ignominiosae
1071 1083 1153 1161 pacis
1165 1099 1229 1143 ma·
1282 1101 1283 1154 g

245 1182 260 1232 i
272 1176 319 1253 gis
342 1190 430 1250 quam
444 1172 573 1253 periculi
586 1173 709 1233 nunnus
724 1170 790 1231 luit.
827 1169 865 1232 ad
879 1169 988 1230 lamam
1002 1166 1170 1229 obsidionis
1185 1165 1230 1226 di·

272 1258 367 1320 lectus
378 1257 482 1319 baberi
493 1263 614 1337 coeptus
625 1262 703 1325 erat;
719 1255 856 1316 dimissus
867 1253 976 1315 deinde
989 1251 1166 1315 auxiliorum
1177 1267 1229 1328 ap·
1282 1301 1283 1320 2

273 1349 408 1421 paratus,
437 1351 594 1421 postquam
621 1340 801 1402 deditionem
824 1347 884 1400 tam
905 1337 993 1399 foede
1013 1337 1121 1398 factam
1144 1352 1229 1396 acce·
1282 1343 1283 1418 ζ

274 1431 396 1506 petunt:
413 1425 621 1505 extemploque
635 1426 699 1487 sine
710 1422 769 1486 ulla
781 1421 901 1500 publica
912 1423 1089 1484 auctoritate
1102 1436 1229 1482 consen·
1282 1459 1283 1486 ;

247 1511 395 1570 usumin
412 1526 530 1569 omnem
544 1510 672 1570 formam
685 1507 783 1570 luctus
798 1515 857 1569 cst:
879 1505 1021 1568 tabernae
1037 1504 1231 1567 circatorum
1282 1507 1283 1576 l

275 1593 393 1654 clausae
418 1592 618 1669 iustitiumque
641 1595 673 1654 in
694 1594 761 1654 loru
783 1610 837 1653 sua
857 1600 963 1670 sponte
986 1596 1126 1670 coeptum
1146 1588 1231 1668 prius
1282 1595 1283 1656 l

247 1687 362 1755 uquam
376 1675 535 1746 indictum,
550 1678 602 1737 lati
617 1676 705 1746 clavi,
720 1674 800 1738 anuli
814 1677 898 1737 aurci
912 1676 1017 1754 positi;
1040 1691 1135 1754 paene
1148 1690 1231 1733 mae·
1282 1687 1283 1706 ¹

275 1762 351 1821 stiur
372 1760 505 1821 exercitu
517 1763 583 1839 ipso
599 1762 701 1820 civitas
716 1779 796 1832 esse,
819 1778 876 1821 nec
890 1758 1017 1822 ducibus
1031 1758 1127 1819 solum
1141 1764 1231 1837 atque
1282 1755 1283 1772 l

276 1842 446 1906 auctoribus
458 1843 710 1923 sponsoribusque
722 1847 804 1922 pacis
813 1847 918 1915 irasci,
931 1844 982 1906 sed
994 1845 1133 1904 innoxios
1143 1843 1231 1903 etiam

236 1938 268 1987 to
279 1927 387 1989 milites
402 1928 501 1989 odisse
515 1934 546 1988 et
558 1945 668 2006 negare
683 1928 759 1989 urbe
773 1930 894 1990 tectisve
909 1927 1105 2008 accipiendos.
1142 1944 1232 2005 quam

277 2013 507 2075 concitationem
528 2013 695 2074 animorum
716 2013 805 2090 fregit
819 2013 962 2075 adrentus
977 2013 1125 2073 exercitus
1140 2013 1233 2071 etiam

276 2099 360 2159 iratis
382 2094 567 2160 miserabilis.
604 2115 666 2158 non
688 2098 768 2158 enim
781 2103 932 2174 tamquam
945 2099 977 2157 in
991 2096 1118 2176 patriam
1131 2089 1245 2155 rever·'

277 2191 375 2245 tentes
385 2201 422 2245 ex
430 2186 582 2263 insperato
593 2180 772 2260 incolumes,
789 2180 841 2241 sed
853 2189 1007 2260 captorum
1018 2178 1122 2241 habitu
1133 2176 1232 2240 vultu·
1282 2203 1283 2262 j

237 2276 337 2348 11que
357 2270 485 2347 ingressi
505 2284 573 2328 seru
593 2267 626 2328 in
648 2266 754 2328 urbem
783 2268 824 2326 ita
837 2283 871 2326 se
884 2266 915 2323 in
929 2266 992 2325 suis
1007 2265 1133 2343 quisque
1147 2264 1235 2324 tectis
1282 2271 1283 2276 ’

278 2352 471 2428 abdiderunt,
494 2357 526 2414 ut
547 2359 668 2430 postero
682 2358 769 2430 atque
784 2348 1009 2426 insequentibus
1024 2346 1129 2408 diebus
1144 2364 1233 2408 nemo
1282 2417 1283 2424 χ

169 2466 172 2470 ·
237 2445 268 2494 12
278 2454 384 2499 eorum
404 2437 504 2498 forum
526 2443 577 2497 aut
598 2433 748 2513 publicum
770 2436 906 2512 aspicere
920 2432 1018 2498 vellet.
1049 2429 1189 2493 consules
1203 2432 1234 2492 in

277 2524 393 2599 privato
415 2519 509 2580 abditi
531 2517 605 2578 nibil
626 2537 682 2597 pro
702 2520 876 2597 magistratu
891 2534 993 2595 agere,
1015 2517 1074 2577 nisi
1088 2516 1169 2595 quod
1185 2533 1235 2578 ex·

278 2620 414 2681 pressum
425 2610 545 2663 senatus
555 2602 689 2663 consulto
700 2609 759 2673 est,
771 2610 805 2664 nt
815 2601 1234 2665 dictatoremdioerentcomi·

239 2694 270 2743 13
281 2687 390 2746 tiorum
402 2703 499 2746 causa.
522 2684 556 2755 Q.
562 2684 687 2747 Fabium
697 2685 872 2748 Ambustum
885 2686 1024 2748 dixerunt
1038 2694 1068 2746 et
1078 2685 1111 2750 P.
1119 2683 1236 2747 Aelium

238 2778 271 2828 14
280 2769 403 2830 Paetum
424 2770 599 2847 magistrum
613 2770 757 2846 equitum.
794 2770 901 2851 quibus
911 2773 984 2833 vitio
998 2771 1106 2831 creatis
1119 2770 1237 2831 suffecti

279 2853 317 2915 bl.
329 2853 470 2916 Aemilius
484 2851 583 2933 Papus
600 2852 743 2930 dictator,
758 2855 791 2915 L.
805 2854 938 2916 Valerius
950 2855 1076 2917 Flaccus
1090 2857 1236 2932 magister

280 2940 420 3019 equitnm.
442 2956 500 3000 nec
509 2956 565 3019 per
576 2957 626 3001 ecs
638 2941 759 3001 comitia
770 2938 885 3009 habita,
899 2948 943 3011 et,
954 2941 1022 3020 quia
1034 2938 1173 3000 taedebat
1184 2958 1237 3019 po·

278 3021 380 3104 pulum
388 3025 751 3102 omniummagistratuum
760 3025 1021 3101 eiusanni‚resad
1029 3026 1239 3102 interregnum

239 3117 270 3166 15
280 3108 379 3174 rediit.
400 3110 565 3185 interreges
578 3106 612 3177 Q.
623 3106 732 3169 Fabius
742 3108 901 3181 Maximus,
917 3110 955 3170 M.
968 3108 1101 3170 Valerius
1114 3107 1238 3171 Corvus.

279 3195 304 3254 is
319 3192 454 3255 consules
468 3193 579 3254 creavit
594 3189 630 3262 Q.
643 3189 804 3255 Publilium
818 3193 974 3275 Philonem
989 3201 1019 3255 et
1033 3194 1067 3258 L.
1080 3192 1238 3273 Papirium

280 3280 439 3341 Cursorem
450 3278 560 3339 iterum
572 3275 751 3341 hauddubie
759 3280 1056 3350 consensucivitatis,
1071 3277 1152 3357 quod
1162 3274 1239 3339 nulli

281 3380 315 3424 ea
329 3368 506 3444 tempestate
520 3361 611 3423 duces
627 3360 768 3427 clariores
783 3371 891 3428 essent.

254 3453 268 3499 1
342 3446 416 3507 Vlll.
440 3447 504 3518 Quo
527 3447 619 3509 creati
640 3458 711 3509 sunt
733 3449 797 3521 die,
820 3467 856 3511 ec
874 3480 914 3493 -
929 3448 974 3509 sio
989 3447 1068 3509 enim
1083 3446 1241 3527 placuerat

280 3527 415 3607 patribus
424 3533 674 3610 -magistratum
687 3536 836 3603 inierunt,
850 3530 1102 3612 sollemnibusque
1116 3540 1242 3595 senatus
