2575 4067
270 290 447 335 1111111111.
462 290 532 336 111.
548 280 572 332 ².
588 279 613 332 8.
630 269 671 354 [a.
688 272 724 337 0.
740 271 803 357 341]
979 275 1021 341 49

56 437 132 518 quod
151 441 311 520 pepigerat
330 437 447 511 consui,
468 446 502 501 ut
521 447 639 521 tempus
663 438 900 513 1111111111,
923 440 1021 522 quoad

55 519 142 601 iegati
157 523 317 584 redissent.

119 606 271 668 Samnites
286 606 378 686 copiis
394 604 502 676 isdem,
519 605 626 686 quibus
642 607 689 669 usi
704 606 843 672 adversus
857 608 1021 671 Romanum
1036 615 1053 668 1

55 689 168 752 bellum
184 689 318 760 fuerant,
342 697 447 751 contra
465 689 611 753 Sidicinos
624 691 766 771 proiecti,
790 692 868 754 haud
886 695 917 752 in
934 691 1021 753 dubia

54 792 106 854 spe
123 783 213 835 erant
234 781 350 834 mature
369 772 452 835 urbis
467 773 596 836 hostium
616 773 787 855 potiundae.
815 784 877 837 turn
894 775 930 837 ab
946 774 1055 840 siit-c

55 859 131 919 cinis
147 856 260 917 deditio
272 858 355 937 prius
370 856 407 918 ad
424 856 572 919 Romanos
584 865 689 939 coepta
703 860 768 922 ilerl
783 867 841 930 est;
859 859 927 920 dein
941 867 1022 940 post·

54 960 145 1022 quam
158 950 260 1019 patres
275 949 308 1002 ut
321 957 419 1002 seram
443 959 508 1003 eam
523 941 685 1023 ultimaque
708 943 827 1006 tandem
849 944 1022 1005 necessitate

54 1042 230 1107 expressam
254 1022 502 1103 aspernabantur,
525 1024 562 1087 ad
582 1025 703 1088 Latinos
721 1028 780 1089 iam
797 1046 850 1089 sua
870 1035 975 1106 sponte
992 1028 1024 1087 lu

54 1127 141 1172 arma
156 1116 256 1171 motos
272 1108 349 1169 iacta
363 1117 417 1171 est
456 1127 496 1170 nc
509 1110 651 1190 Campani
667 1110 787 1191 quidem
800 1145 843 1158 -
857 1110 930 1172 adeo
946 1111 1022 1171 iniu-
1037 1116 1053 1166 1

54 1196 120 1255 1111
131 1192 310 1255 Samnitium
322 1210 411 1272 quam
424 1191 561 1256 beneficii
571 1193 772 1257 Romanorum
779 1195 924 1257 memoria
936 1212 1023 1274 prae·

54 1278 171 1339 sentior
184 1279 249 1338 erat
262 1310 305 1325 -
318 1274 365 1338 his
380 1296 412 1340 se
424 1278 514 1338 arnrls
527 1276 706 1340 abstinuere.
736 1297 772 1341 ex
785 1279 832 1341 his
846 1287 891 1340 tot
907 1276 1023 1358 populls
1037 1281 1056 1334 8

54 1380 135 1424 unus
148 1362 256 1439 ingens
267 1361 415 1422 exercitus
430 1360 506 1422 duce
514 1360 619 1423 Latino
634 1363 709 1425 dues
723 1364 899 1425 Samnitium
910 1362 1024 1440 ingres·

54 1464 108 1509 sus
129 1444 198 1526 pius
220 1442 459 1524 populationibus
480 1463 568 1524 quam
587 1445 707 1526 proeliis
734 1445 861 1510 cladium
883 1447 963 1508 iecit.
994 1453 1025 1507 et

54 1546 240 1612 quamquam
251 1529 421 1607 superiores
432 1529 641 1592 certaminibus
654 1530 752 1593 Latini
765 1539 865 1603 erant,
884 1530 963 1592 haud
977 1529 1024 1591 ln·

55 1616 126 1685 1111,
140 1630 180 1674 11
192 1613 310 1691 saepius
321 1611 521 1674 dimicandum
532 1614 618 1686 foret,
635 1632 706 1694 agro
718 1614 847 1677 hostium
860 1631 1024 1677 excessere.

55 1698 86 1761 id
99 1697 230 1778 spatium
244 1695 425 1758 Samnitibus
437 1695 536 1759 datum
549 1705 593 1759 est
606 1697 730 1761 Romam
744 1698 857 1779 legatos
871 1696 1022 1767 mittendl;
1037 1701 1055 1755 1

56 1783 112 1864 qui
131 1798 202 1841 cum
220 1777 351 1842 adissent
362 1788 511 1853 senatum,
527 1784 680 1862 conquesti
694 1782 797 1845 eadem
813 1802 846 1846 se
856 1782 1025 1844 foederatos

57 1867 136 1949 pati,
160 1881 236 1943 quac
257 1863 356 1926 hostes
377 1872 476 1933 essent
497 1868 590 1945 passi,
613 1866 753 1946 precibus
773 1868 881 1929 intimis
902 1867 1024 1947 petiere,

57 1959 93 2013 ut
109 1948 181 2009 satis
204 1946 346 2012 ducerent
365 1948 491 2011 Romani
510 1950 662 2012 victoriam
684 1969 768 2013 suam
790 1949 970 2013 Samnitibus
988 1952 1069 2008 exio

58 2036 214 2113 Campano
228 2029 415 2112 Sidicinoque
427 2032 512 2093 hoste
526 2035 684 2112 eripuisse
700 2052 738 2095 ne
753 2035 831 2096 vinci
842 2035 931 2095 etiam
941 2051 973 2094 se
989 2030 1026 2092 ab

58 2116 261 2198 ignavissimis
285 2115 401 2197 populls
422 2118 571 2185 sinerent;
600 2117 722 2178 Latinos
744 2118 982 2197 Campanosque,
1001 2117 1026 2175 si
1037 2120 1067 2172 11

58 2202 117 2265 sub
140 2198 256 2261 dicione
277 2200 378 2280 populi
393 2200 520 2262 Romani
539 2209 655 2271 esseut,
672 2217 727 2279 pro
746 2202 872 2280 imperio
890 2206 1027 2259 arcerent

60 2285 191 2350 Samniti
206 2301 292 2363 agro,
311 2287 356 2345 sin
371 2285 531 2365 imperium
543 2282 722 2353 abnuerent,
739 2284 827 2344 armis
843 2288 1025 2344 coercerent.

61 2369 206 2433 adversm
223 2367 297 2429 haec
312 2385 487 2448 responsum
505 2385 615 2448 anceps
626 2367 742 2439 datum,
758 2369 826 2447 quia
841 2366 928 2427 fateri
945 2365 1071 2443 pige-12

61 2453 114 2516 bat
128 2453 162 2513 in
185 2460 331 2531 potestate
349 2470 401 2513 sua
416 2451 536 2514 Latinos
556 2453 615 2514 iam
630 2469 691 2513 non
711 2469 791 2522 esse,
816 2447 1026 2528 timebantque,

61 2556 101 2601 ne
123 2535 275 2615 arguendo
297 2534 508 2597 abalienareni.
543 2536 759 2616 Campanorum
775 2533 861 2597 aliam
876 2532 1026 2595 condicio·
1039 2537 1072 2590 ia

62 2639 135 2683 nem
154 2637 234 2685 esse,
259 2620 385 2699 quinon
408 2619 539 2692 loedere,
554 2620 605 2682 sed
620 2640 676 2701 per
693 2618 872 2682 deditionem
887 2620 919 2679 in
940 2617 1028 2680 iidem

63 2706 230 2771 venissent;
248 2704 348 2783 itaque
360 2704 539 2780 Ganrpanos,
555 2722 608 2765 seu
618 2704 710 2766 velini
721 2722 774 2765 seu
786 2702 895 2774 nolint,
912 2703 1027 2782 quletu-

64 2808 132 2850 ros:
147 2790 180 2848 in
196 2786 317 2848 loedere
330 2786 435 2848 Latino
450 2786 524 2848 nihil
539 2806 617 2858 esse,
635 2805 694 2868 quo
707 2785 820 2849 bellare
834 2804 901 2849 cum
919 2784 1026 2866 quibus

63 2869 485 3034 iiiiiiiiillitiii
506 2867 1028 3018 daniiiiiitiiltiiii
1045 2872 1058 2923 ¹

66 3039 192 3110 dimisit,
211 3040 252 3101 ita
268 3039 433 3118 Campanos
447 3047 527 3099 metu
545 3036 734 3108 abalienavit,
756 3036 877 3097 Latinos
890 3033 970 3093 reiut
985 3033 1029 3092 ni·

65 3124 109 3189 hil
124 3125 185 3185 iam
200 3141 261 3183 non
275 3121 506 3183 concedentibus
519 3122 661 3184 Romanis
677 3120 839 3183 ferociores
860 3117 940 3179 iecit.
976 3117 1030 3176 ita·
1045 3121 1063 3171 2

65 3226 124 3289 que
139 3225 196 3288 per
211 3208 341 3288 speciem
363 3205 503 3267 adversus
517 3206 665 3268 Samnites
683 3204 755 3266 belii
774 3202 899 3283 parandi
925 3198 1031 3261 crebra

66 3290 193 3354 concilia
207 3290 372 3352 indicentes
386 3289 523 3351 omnibus
534 3287 797 3350 consultationibus
811 3288 890 3347 inter
901 3303 934 3346 se
947 3285 1029 3364 prin·

67 3379 149 3456 cipes
171 3374 286 3438 occulte
301 3375 469 3435 Romanum
489 3371 657 3452 coquebant
676 3370 796 3432 beilum.
829 3367 898 3430 huic
913 3385 1030 3449 quoque

68 3460 209 3521 adversus
220 3466 386 3520 servatores
393 3476 463 3518 suos
476 3455 554 3518 bello
562 3456 727 3535 Campanus
734 3453 846 3515 aderat.
869 3453 921 3514 sed
928 3471 1030 3533 quam·
1045 3457 1063 3510 3

68 3562 158 3624 quam
172 3545 272 3605 omnia
287 3543 325 3603 de
344 3541 487 3604 industria
504 3538 675 3602 celabantur
688 3573 730 3585 -
743 3540 914 3619 priusquam
929 3556 1029 3600 move·

110 3660 137 3695 1.
149 3660 213 3697 1111
226 3658 295 3694 rans
308 3658 341 3692 11.
804 3633 824 3690 4
