2575 4067
256 286 350 330 arans
364 288 418 331 vn.
437 285 504 331 oar.
522 274 566 330 20.
583 277 625 328 21.
641 275 682 351 [o.
700 274 736 333 Ο.
751 277 811 329 354.
827 271 891 353 353]
1003 273 1042 337 21

89 433 276 517 puletionem
287 434 436 496 Romanos
446 434 644 509 lacessierunt,
665 446 750 509 esset,
767 456 854 500 verus
870 438 939 502 helil
956 448 1052 503 terror

88 520 215 590 invasit,
238 525 281 590 et,
301 536 388 598 mom
405 536 463 580 non
484 537 603 582 suarum
618 521 723 583 virium
744 539 778 583 ea
798 520 946 585 dimlcatio
965 534 1051 598 esset,

89 601 268 665 cernebant.
296 602 519 684 paenitebatque
540 602 752 685 populationis,
774 615 803 667 et
824 605 1083 687 Tarquiniensem

89 685 310 749 execrabantur
331 684 504 748 deiectionis
526 695 678 758 auctorem
700 706 755 750 nec
776 706 857 750 arma
878 700 928 752 aut
941 691 1051 754 bellum

88 771 488 917 iiiiitiitiiit‘i?
501 770 960 936 iucunditati
970 775 1083 920 iliis

88 945 180 1010 sent,
189 874 335 1001 alsenam
347 939 494 1001 reiectiad
500 939 641 1021 populum
653 940 917 1020 deosrogaverunt,
928 960 1052 1023 quorum

88 1039 180 1085 sacro
193 1021 273 1084 bello
287 1022 397 1087 Gallico
413 1031 531 1105 accepta
547 1025 601 1086 rite
617 1033 841 1105 procurassent,
859 1034 890 1088 ut
903 1025 1053 1089 Romanos

90 1107 236 1169 ilorentcs
249 1123 282 1169 ea
296 1110 342 1170 sui
355 1108 557 1170 misericordia
568 1116 702 1189 caperet,
718 1126 836 1190 quaese
852 1110 941 1172 rebus
955 1109 1052 1175 adiec-

90 1193 133 1254 eis
148 1191 295 1271 quondam
306 1190 407 1273 populi
418 1191 543 1253 liomaui
554 1193 695 1273 cepisset;
712 1194 903 1275 conversique
920 1193 1081 1256 addeins

89 1274 150 1338 bra
164 1274 269 1337 Vestae
287 1275 447 1357 hospitium
462 1274 613 1340 flaminum
634 1275 853 1358 Vestaliumque
871 1276 907 1341 ab
922 1295 954 1340 se
974 1287 1053 1340 caste

90 1376 130 1423 ac
154 1357 291 1438 religiose
318 1359 429 1421 cultum
455 1360 645 1422 invocabant:
673 1377 746 1423 eone
770 1361 893 1424 meritos
918 1360 1084 1424 crederett

90 1443 248 1525 quisquam
271 1444 371 1505 hostes
394 1451 517 1526 repente
538 1445 602 1507 siue
624 1462 711 1508 causa
730 1443 836 1518 iactos,
857 1453 921 1518 out,
940 1445 1050 1527 siquid

89 1526 242 1591 hostiliter
255 1526 408 1600 iecissent,
431 1526 554 1589 consilio
575 1528 603 1590 id
620 1530 714 1608 magis
736 1547 824 1610 quarn
839 1530 940 1593 iurore
956 1529 1054 1611 lapsos

90 1612 218 1683 iecisse,
240 1618 274 1672 ut
293 1630 344 1674 suo
365 1620 465 1675 vetera
482 1610 640 1684 beneflcio,
665 1612 758 1675 locata
780 1615 954 1691 praesertim
976 1613 1053 1694 apud

90 1705 155 1758 tam
180 1703 293 1775 gratos,
315 1696 398 1758 novis
418 1704 648 1777 conrumperent
670 1696 821 1759 maleficiis
840 1697 1053 1779 florentemque

133 1777 236 1860 pulum
250 1779 415 1842 Romanum
431 1797 465 1842 ac
482 1778 692 1844 felicissimum
699 1779 778 1842 bello
791 1779 848 1843 sibi
865 1782 1054 1845 desumerent

89 1799 229 1933 ffistem,
245 1864 329 1925 euius
346 1862 453 1926 addicti
467 1865 625 1928 amicitiam
638 1866 801 1946 petissent?
818 1883 857 1928 ne
871 1865 1054 1949 appellarent

91 1946 266 2020 consilium,
281 1965 356 2029 quae
373 1948 416 2009 vis
431 1964 465 2008 ac
479 1951 640 2011 necessitas
651 1947 823 2032 appellanda
838 1959 924 2013 esset.
957 1958 1053 2013 traus-
1068 1957 1085 2008 o

92 2033 193 2093 euntis
215 2031 331 2111 agmine
359 2032 466 2094 iniesto
494 2050 548 2113 per
574 2050 677 2112 agrum
706 2051 793 2095 suum
813 2035 1053 2117 Tarquinienses,

92 2133 162 2177 cum
177 2123 296 2195 praeter
311 2116 386 2179 viam
406 2113 480 2177 nihil
495 2117 653 2197 petissent,
668 2118 791 2179 traxisse
811 2117 953 2198 quosdam
968 2134 1053 2197 agre·

92 2200 183 2261 stium
198 2218 237 2279 po
258 2198 395 2262 ulatiords
412 2200 491 2272 eius,
507 2198 655 2280 quaesibi
671 2201 788 2260 crimini
802 2200 902 2271 detur,
920 2202 1053 2261 comites.

93 2302 147 2346 eos
163 2300 216 2345 seu
230 2217 299 2344 ledi
317 2282 445 2365 placcat,
469 2282 579 2345 dedere
593 2300 626 2345 se
640 2289 759 2364 paratos
776 2299 855 2355 esse,
876 2301 929 2345 seu
943 2281 1084 2362 suppli-7

94 2369 141 2429 cio
158 2366 256 2438 adfici,
273 2365 393 2430 daturos
407 2384 527 2448 poenas.
558 2367 667 2439 Caere,
691 2367 853 2431 sacrarium
873 2385 912 2448 po
933 2364 974 2427 nli
995 2365 1052 2427 lio·

92 2451 189 2522 mani,
205 2449 407 2513 deversorium
425 2451 611 2515 sacerdottun
627 2468 661 2515 ac
675 2449 892 2531 receptaculum
907 2385 1055 2513 Komeno-

92 2548 162 2598 rum
173 2552 343 2607 sacrorum,
359 2537 500 2598 intactum
517 2535 745 2618 inviolatumque
765 2535 889 2598 crimine
909 2534 980 2598 belli
1000 2535 1054 2596 ho·

93 2620 183 2699 spitio
195 2617 355 2681 Vestalium
367 2618 511 2702 cultisque
523 2618 578 2683 diis
589 2621 703 2683 darent.
733 2622 824 2682 morit
837 2619 979 2701 populum
994 2625 1086 2681 nont

93 2711 154 2765 tam
179 2720 266 2765 causa
288 2720 431 2783 praesens
452 2722 539 2785 quam
567 2712 652 2768 vetus
679 2706 833 2776 meritum,
862 2713 894 2766 ut
919 2702 1054 2766 maleficii

94 2805 182 2867 quarn
194 2786 329 2849 beneficii
338 2788 437 2868 potius
447 2788 627 2851 inmemores
637 2795 744 2851 essem.
764 2790 863 2869 itaque
877 2805 934 2868 pax
944 2787 1054 2869 populo

95 2870 204 2933 Caeriti
219 2871 286 2933 data
298 2871 485 2952 indutiasque
502 2873 534 2933 in
546 2881 665 2936 centum
676 2890 770 2936 annos
783 2872 875 2934 iactas
889 2874 920 2933 in
935 2878 1054 2933 senatus

95 2953 262 3016 consultum
281 2954 388 3018 reierri
408 2955 526 3036 placuit.
560 2958 590 3019 in
608 2953 739 3018 Faliscos
760 2955 863 3018 eodem
880 2955 984 3016 noxios
997 2955 1086 3014 cri-0

93 3039 233 3101 mineris
248 3036 319 3101 belli
342 3056 482 3102 conversa
499 3047 557 3114 est,
580 3040 633 3103 sed
646 3040 748 3102 hostes
768 3054 912 3119 nusquam
933 3037 1053 3098 inventi.

92 3122 820 3287 {lietduini-‘itimiditati
837 3122 1054 3267 illidii

94 3309 160 3352 cum
190 3293 260 3352 auru
280 3293 372 3354 muris
392 3290 582 3373 turribusque
603 3290 769 3353 reficiendis
791 3295 1012 3369 consumptum,
1026 3296 1055 3349 et

94 3373 531 3455 aedisdpollinisdedicatuest.

157 3459 233 3521 xxi.
264 3460 405 3521 Extremo
419 3476 496 3521 auno
511 3459 628 3522 comitia
648 3457 813 3520 consularia
834 3466 984 3521 certamen
1001 3465 1083 3539 pa·i

94 3550 173 3606 trum
199 3561 232 3605 ac
261 3542 357 3623 plebis
389 3543 521 3616 diremit,
551 3542 678 3606 tribunis
711 3542 887 3623 negantibus
913 3559 1056 3624 pessume
