2575 4067
228 242 291 306 lto
405 256 500 299 erana
512 257 543 299 x.
560 256 628 299 oar.
645 243 672 299 8.
686 242 713 298 9.
730 233 770 318 [a.
784 259 815 299 n.
834 258 860 298 c.
872 244 934 298 414.
947 242 1008 317 455]

227 404 365 484 quaerit.
398 421 435 463 en
450 420 590 483 umquam
610 402 699 466 lando
714 404 835 467 audistis
851 404 991 484 patricios
1009 404 1107 484 primo
1121 422 1189 467 esne

227 487 320 549 iactos
329 504 390 548 non
400 485 437 547 de
449 485 530 547 caelo
541 486 698 558 demissos.
713 487 765 550 sed
776 488 827 567 qui
838 495 953 567 pattena
964 487 1044 550 ciere
1054 497 1186 567 possent,

229 569 260 631 id
274 568 406 631 estnihil
422 568 500 631 ultra
518 587 608 651 quam
628 572 790 649 ingenuosi
821 568 973 632 consulem
991 572 1051 636 iem
1070 580 1186 650 patrem

183 663 214 712 11
227 655 305 716 ciere
319 672 455 734 possum,
479 656 693 734 anrmquoiam
706 655 817 734 poterit
830 653 908 717 illius
921 670 1015 716 meus.
1049 653 1125 716 nihil
1142 661 1188 715 est
1286 661 1287 664 ’

227 737 306 799 aliam
328 739 360 798 ln
381 756 430 808 re,
450 737 592 809 Quirites,
613 739 670 797 nisi
684 746 718 799 nt
733 738 830 799 emnia
851 743 957 816 negata
971 737 1185 816 adipiscamur:

228 830 377 882 certamen
389 827 502 882 unium
512 821 628 900 patricii
640 829 744 900 petunt
754 838 810 882 nec
820 828 933 890 curant,
948 838 1038 900 quem
1048 829 1186 882 eventum
1286 881 1287 886 ,

185 903 566 966 lacertaminumhabeant.
592 903 1185 983 egoiraneiegem,quodbonumleustanu

225 986 354 1069 felixque
367 990 406 1048 sit
418 986 500 1048 vobis
512 1005 546 1048 ac
560 989 604 1048 rei
620 986 771 1066 publicae,
786 989 829 1048 uti
842 986 1101 1066 rogaeiubendam
1108 994 1182 1049 cen-
1286 979 1287 1046 ἶ

202 1076 311 1132 iseo.“
352 1071 402 1133 IX.
429 1070 541 1132 Vocare
554 1070 648 1133 tribus
667 1070 813 1150 extempio
835 1069 961 1150 populus
975 1069 1110 1140 iubebat,
1132 1088 1183 1151 ap·
1286 1053 1287 1108 1

227 1153 407 1235 petebatque
421 1155 515 1233 accipi
529 1152 640 1232 legem
659 1153 708 1215 ilie
722 1162 822 1214 tamen
837 1154 900 1215 dies
912 1154 1126 1215 intercessione
1141 1162 1187 1215 esi

225 1236 365 1300 sublatus.
396 1245 516 1318 postero
534 1237 581 1298 die
597 1237 745 1299 deterritis
759 1236 886 1298 tribunis
907 1238 1021 1316 iumenti
1038 1254 1185 1298 consensu
1286 1241 1287 1302 i

198 1328 347 1401 2aecepta
370 1329 422 1383 est.
467 1322 620 1402 pontifices
641 1327 779 1383 creantur
801 1339 904 1382 suasor
927 1320 1000 1399 legis
1023 1320 1056 1381 Ρ.
1079 1319 1185 1382 Decius
1286 1355 1287 1392 3

225 1403 303 1477 lius,
327 1405 360 1467 P.
375 1404 566 1485 Sempronius
581 1405 710 1485 Sophus,
732 1404 763 1466 C.
780 1404 907 1465 Marcius
926 1403 1054 1474 Rutilus,
1082 1404 1121 1465 Μ.
1136 1404 1184 1465 11·
1286 1429 1287 1442 ¹

225 1488 288 1549 viras
298 1488 422 1558 Denter,
437 1489 565 1567 quinque
581 1506 707 1566 augures
724 1489 794 1549 item
809 1488 845 1549 de
860 1487 962 1567 plebe:
979 1488 1010 1550 C.
1025 1487 1184 1558 Genucius,
1286 1525 1287 1536 1

225 1571 257 1632 Ρ.
278 1570 376 1633 Aelius
402 1571 521 1641 Paetus,
543 1571 582 1631 Μ.
608 1571 753 1633 Minucius
773 1571 896 1643 Faesus,
926 1572 957 1634 G.
981 1570 1123 1641 Marcius,
1150 1571 1185 1631 T.
1286 1601 1287 1604 ¹

224 1653 376 1794 potitius.
407 1654 447 1713 iia
463 1661 529 1714 octo
551 1655 738 1732 pontificum,
762 1672 867 1716 novem
882 1672 1026 1733 augurum
1042 1664 1185 1716 nummus

238 1742 329 1797 actus.

197 1827 214 1880 3
287 1817 399 1880 Eodem
413 1836 490 1881 anno
502 1819 540 1882 Μ.
555 1818 688 1882 Valerius
699 1819 802 1883 consul
814 1821 851 1881 do
865 1824 1074 1901 provocatIone
1087 1820 1184 1901 legem

226 1900 293 1963 iniit
306 1900 474 1982 diligentius
490 1911 630 1966 sanctam.
657 1905 745 1965 terlio
761 1923 796 1966 ea
810 1913 873 1965 ium
886 1911 954 1984 post
967 1923 1054 1985 reges
1066 1913 1185 1968 exactos

200 1983 285 2047 alata
296 1994 353 2056 est,
370 2005 486 2067 semper
497 2006 514 2049 a
525 1986 635 2049 familia
647 1987 759 2049 eadem.
788 2005 905 2048 causam
919 1988 1106 2051 renovandae
1121 2006 1185 2050 sao·

225 2069 290 2150 pius
312 2071 390 2132 haud
407 2069 494 2133 eiiam
515 2071 604 2133 luisse
618 2089 702 2141 reor,
726 2090 814 2150 mam
835 2071 914 2150 quod
934 2071 1000 2150 pins
1022 2090 1185 2151 pancorum

106 2191 110 2198 ·
225 2171 296 2233 opes
310 2174 398 2235 qnam
413 2154 534 2217 libertas
547 2153 641 2235 plebis
658 2160 782 2235 poterat.
822 2153 927 2216 Porcia
943 2163 1040 2218 tamen
1057 2155 1107 2218 ier
1123 2156 1185 2219 sola

224 2256 280 2318 pro
302 2247 386 2318 tergo
403 2240 509 2301 civium
522 2237 580 2301 iata
594 2238 725 2307 videtur,
747 2236 827 2317 quod
851 2240 932 2316 gravi
946 2257 1057 2318 poena,
1079 2241 1185 2320 siquis

197 2322 410 2386 tverberasset
430 2329 600 2384 necassetve
615 2323 707 2383 civem
722 2321 902 2392 Romanum,
924 2324 1034 2392 sanna
1068 2322 1185 2386 Valeria

224 2403 270 2465 lex
289 2424 356 2468 oum
372 2425 453 2477 enm,
469 2407 520 2487 qui
534 2413 736 2487 provocasset,
757 2406 846 2483 virgis
861 2404 945 2466 caedi
958 2407 1116 2487 securique
1132 2425 1184 2468 ne·

225 2490 285 2548 cari
312 2491 464 2560 vetuisset,
490 2491 600 2569 siquis
627 2487 766 2550 adversus
785 2506 819 2549 ee
847 2487 981 2561 ieclsset,
1008 2489 1083 2551 nihii
1107 2489 1184 2551 ultra

197 2576 311 2648 nquam
326 2570 476 2650 „inprobe
488 2572 623 2633 iactum‘'
639 2572 754 2633 adiecit.
783 2572 828 2643 id,
845 2572 895 2651 qul
906 2580 968 2633 tum
979 2574 1076 2653 pudor
1087 2573 1183 2635 homi·

225 2669 295 2712 nnm
309 2662 387 2726 erat,
403 2655 497 2716 visum
508 2654 597 2715 eredo
608 2654 756 2716 vinculum
768 2656 837 2717 satis
848 2654 976 2718 auidum
987 2655 1072 2735 legis.
1105 2674 1184 2718 nunc

224 2737 272 2796 vix
284 2753 385 2798 servus
401 2754 453 2797 ero
466 2739 507 2797 iia
521 2738 651 2798 minetur
666 2739 828 2818 quisquam.

196 2830 212 2877 7
286 2819 401 2882 Bellum
419 2819 455 2881 ab
471 2818 575 2881 eodem
591 2820 712 2882 consule
735 2821 961 2902 haudquaquam
986 2824 1182 2888 memorabile

225 2905 363 2968 adversus
377 2902 555 2967 rebellantes
569 2906 704 2985 Aequos,
721 2923 789 2966 cum
803 2912 922 2985 praeter
936 2907 1051 2970 animos
1068 2909 1183 2970 lereces

195 2988 296 3051 anihil
312 3007 347 3051 ex
360 2989 477 3070 nunqua
496 2989 614 3052 fortuna
629 2988 788 3059 haberent,
811 2996 925 3067 gestum
939 2998 992 3051 est.
1019 2993 1096 3053 alter
1113 3010 1183 3053 con·

220 3072 269 3133 aul
283 3073 423 3155 Apuleius
443 3075 474 3134 in
495 3072 616 3134 Umbria
631 3071 799 3152 Nequinum
821 3071 961 3152 oppidum
982 3075 1181 3137 circumsedit.

223 3156 305 3218 locus
320 3167 384 3220 erat
396 3157 505 3218 arduus
516 3162 604 3235 atque
620 3157 652 3215 in
673 3162 758 3235 parte
774 3167 834 3216 nna
854 3172 1011 3235 praeceps,
1033 3158 1086 3220 ubi
1103 3174 1183 3220 nunc

195 3241 331 3303 tiiarnia
346 3244 400 3302 site
415 3248 472 3311 est,
494 3257 550 3301 nec
566 3240 595 3299 vi
615 3256 672 3299 nec
692 3238 876 3300 munimento
891 3240 957 3319 capi
975 3249 1102 3319 poterat
1129 3243 1182 3302 ita·

224 3342 281 3404 que
308 3343 372 3385 eam
401 3324 539 3386 inlectam
567 3340 630 3384 rem
656 3322 695 3383 Μ.
720 3320 840 3382 Fulvius
864 3322 970 3384 Paetus
995 3325 1030 3386 Τ.
1057 3323 1183 3388 Manlius

182 3411 215 3464 10
224 3406 391 3485 Torquatus
405 3409 472 3468 novi
487 3405 623 3469 consules
638 3410 824 3484 acceperunt.
858 3405 889 3466 in
905 3423 973 3466 eum
987 3425 1098 3470 annum
1115 3424 1182 3468 cum

224 3488 258 3560 Q.
274 3487 398 3550 Fabium
418 3487 569 3550 consulem
592 3506 653 3550 non
672 3491 823 3569 petentem
845 3506 948 3550 omnes
963 3487 1099 3552 dicerent
1114 3507 1182 3551 cen·
