2575 4067
221 173 284 236 136
444 186 537 229 trouu
547 187 590 228 tx.
606 186 676 229 oar.
690 173 732 227 38.
752 164 791 247 [a.
807 188 839 228 u.
856 188 882 228 e.
897 168 960 247 444]

224 334 302 407 deri,
318 331 468 414 cladisque
482 335 642 413 imaginem
658 333 788 396 iurcnlaa
802 332 949 397 Caudims
963 332 1185 398 memorabant:
1280 311 1281 388 l

194 417 331 480 oeadem
349 419 515 479 temeritate
535 416 650 479 aridam
670 416 843 478 ulteriorum
864 435 984 498 semper
1012 426 1132 496 gentem
1155 420 1188 480 in
1280 409 1281 452 t

224 500 316 563 saltus
330 502 425 561 invios
439 500 611 573 deductam,
624 510 756 580 saeptam
770 519 831 562 non
845 500 976 563 bostium
986 502 1080 580 magis
1096 503 1188 562 armis

194 603 312 665 aquam
330 583 465 646 locorum
485 585 690 665 iniquitatibus
712 603 785 647 4444.
825 586 885 645 iam
911 584 1051 662 gaudium
1077 584 1190 645 invidia
1280 603 1281 648 3

224 668 351 748 quadam
365 667 556 739 miscebatur,
578 668 658 749 quod
677 667 749 731 belli
764 669 890 732 Romani
908 667 998 730 44444
1018 666 1055 729 ab
1071 667 1190 729 Samni·
1280 729 1281 734 ,

195 751 303 814 1411444
323 752 443 813 fortuna
464 751 501 813 ad
517 752 658 815 11444444
677 754 839 814 avertisset.
875 753 975 832 itaque
995 753 1085 812 armis
1102 752 1190 812 viris·
1280 773 1281 820 4

225 853 282 916 444
305 835 343 897 ad
361 835 588 916 opprimendum
605 835 637 898 C.
659 836 802 898 Marcium
823 834 975 897 consulem
995 843 1189 906 concurrunt,
1280 857 1281 884 1

225 920 361 1000 protinus
376 919 445 980 inde
462 919 611 980 Etruriam
625 937 680 999 per
691 920 805 981 Marsos
820 937 855 980 ac
871 917 996 981 Sabinos
1008 919 1148 999 petituri,
1163 920 1191 979 si

193 1002 351 1065 8114444144
368 1002 528 1064 dimicandi
542 1010 719 1082 potestatem
733 1022 794 1065 non
808 1002 904 1064 iaciat.
936 1001 1038 1064 obrius
1052 1002 1100 1064 his
1116 1019 1189 1063 con·

225 1085 271 1149 sul
288 1087 353 1149 1414.
386 1087 555 1148 dimicatum
571 1085 686 1167 proelio
700 1089 848 1166 utrimque
864 1087 958 1148 444441
969 1094 1056 1166 atque
1070 1087 1190 1147 incerto

226 1179 334 1232 eventu
347 1178 406 1242 444,
424 1178 535 1232 etcum
549 1188 659 1250 anceps
674 1170 780 1232 caedes
796 1170 913 1239 iuiaaet,
930 1170 1070 1231 adversae
1087 1178 1190 1232 tamen
1280 1211 1281 1218 1

224 1257 271 1317 rei
285 1254 362 1315 iama
376 1256 408 1315 iu
422 1254 571 1316 Romanoa
586 1256 674 1316 vertit
687 1252 725 1315 eb
746 1255 869 1317 amissos
883 1254 1026 1334 quosdam
1042 1254 1190 1333 equestria

226 1338 338 1401 ordinis
352 1337 547 1418 tribunosque
557 1337 685 1401 militum
695 1345 782 1419 atque
793 1356 885 1399 uuum
899 1337 1028 1417 legatum
1043 1345 1088 1409 44,
1108 1336 1190 1417 4441
1280 1387 1281 1392 ,

194 1423 343 1501 ainsigne
354 1423 482 1483 maxime
493 1422 562 1493 init,
575 1421 704 1484 consulis
714 1423 805 1502 ipsius
816 1420 931 1483 vulnus.
963 1420 1190 1482 obbaecetiam

226 1512 311 1568 aucta
325 1506 420 1574 lama,
436 1512 469 1564 ut
485 1503 573 1575 44144,
588 1506 694 1585 ingena
708 1514 806 1567 terror
816 1512 917 1585 patrer
927 1505 1048 1574 invasit,
1064 1504 1190 1565 dictato·

226 1606 350 1668 remque
364 1585 423 1647 dici
439 1584 591 1667 placebat;
608 1591 744 1669 4444414
754 1589 866 1652 Cursor
876 1589 1011 1668 Papirius
1027 1588 1189 1660 dicaretur,

225 1673 333 1749 14444
355 1677 416 1748 tum
429 1689 544 1733 summa
566 1673 611 1733 rei
630 1671 755 1734 bellicae
773 1671 954 1753 ponebatur,
981 1670 1103 1733 dubium
1126 1671 1190 1732 cui·

185 1762 219 1815 1⁰
229 1772 318 1834 44444
333 1761 406 1814 4441.
437 1753 490 1815 aed
505 1756 607 1815 44414
624 1755 775 1817 Samnium
790 1757 926 1817 nuntium
949 1755 1078 1835 perferri
1093 1756 1190 1815 omui-
1280 1767 1281 1792 ³

226 1837 283 1899 bus
296 1836 411 1898 iniestis
427 1845 489 1899 tuto
504 1855 591 1917 posse
607 1856 663 1902 nec
678 1840 775 1900 rivere
789 1839 932 1901 Marcium
948 1838 1100 1900 consulem
1117 1839 1191 1899 44414
1280 1855 1281 1912 i

185 1929 216 1983 11
228 1920 372 1990 lidebaut;
387 1920 461 1983 alter
471 1921 574 1983 444441
585 1921 693 1984 Fabius
703 1923 828 1985 infestus
838 1924 975 2002 privatim
985 1922 1103 2001 Papirio
1115 1929 1191 1984 erat.

227 2023 303 2085 4444
319 2022 357 2066 ne
374 2006 418 2067 ira
429 2003 561 2067 obstaret
573 2005 653 2067 beno
667 2005 802 2087 publice,
816 2005 929 2085 legatos
941 2025 977 2067 ex
989 2003 1192 2067 consularium

185 2097 354 2151 14444444
366 2090 525 2152 mittendos
537 2090 654 2151 adeum
668 2092 926 2161 senatuscensuit,
943 2090 994 2169 qui
1009 2107 1061 2150 444
1072 2106 1192 2169 qnoque

228 2193 310 2246 eum,
330 2191 392 2235 non
405 2173 524 2254 publiea
538 2173 634 2236 solum
649 2175 823 2235 auctoritate
837 2181 1007 2245 monerent,
1027 2181 1061 2234 44
1076 2190 1192 2234 memo·

185 2264 219 2319 14
230 2259 305 2320 riam
326 2258 517 2322 simultatium
541 2259 654 2337 patriae
676 2258 848 2319 remitteret.
888 2256 1016 2337 proiecti
1040 2255 1130 2334 legati
1154 2253 1189 2317 ad

228 2340 352 2403 l'abium
375 2361 442 2403 cum
464 2349 583 2403 senatus
605 2339 771 2403 considium
791 2340 980 2403 tradidissent
1000 2340 1181 2401 adiecissent·

230 2442 288 2502 444
302 2426 468 2487 orationem
481 2426 704 2487 convenientem
715 2424 875 2496 mandatis,
893 2422 996 2486 444441
1010 2424 1145 2485 demissis
1159 2424 1190 2483 in

230 2515 342 2568 terram
360 2507 453 2569 oculis
470 2510 576 2570 tacitus
595 2508 633 2569 41)
654 2510 788 2580 14444414,
813 2508 954 2589 quidnam
968 2516 1088 2569 acturus
1103 2516 1191 2577 44444,

187 2588 336 2666 relegatis
352 2592 489 2660 recassit3
507 2600 593 2652 noete
612 2589 718 2652 deinde
731 2591 863 2665 silentio,
883 2601 917 2653 44
930 2610 996 2654 moa
1014 2600 1071 2663 est,
1087 2591 1120 2652 L.
1134 2590 1192 2652 Pa·

229 2672 339 2751 pirium
356 2670 528 2734 dictatorem
544 2673 624 2735 dixit.
657 2676 786 2737 cuicum
803 2675 841 2738 ob
852 2677 983 2738 44144444
998 2676 1117 2754 egregie
1129 2675 1190 2734 ric·

229 2761 292 2816 tum
308 2753 397 2834 legati
418 2757 526 2834 gratias
540 2766 676 2837 agerent,
692 2757 878 2822 'obstinatum
898 2758 1047 2823 silentium
1065 2756 1193 2819 obtinuit

231 2856 265 2901 44
283 2840 348 2902 4144
367 2857 510 2919 responso
530 2859 565 2904 44
579 2843 730 2905 mentione
743 2844 814 2904 14441
829 2844 875 2906 441
889 2842 1001 2923 legatos
1013 2842 1138 2911 dimisit,
1159 2849 1193 2902 ut

188 2930 222 2983 ib
232 2931 389 3003 appareret
401 2925 548 3003 insignem
564 2924 696 2988 dolorem
711 2928 826 3005 ingenti
837 2928 984 3007 conprimi
998 2927 1106 2987 animo.
1135 2924 1191 2986 Pa·

229 3009 323 3088 pirius
338 3007 369 3071 C.
384 3008 500 3072 lunium
517 3006 683 3072 Bubulcum
704 3011 877 3089 magistrum
892 3012 1025 3091 equitum
1041 3009 1127 3076 dixit:
1149 3013 1192 3070 at·

230 3110 288 3171 444
302 3093 330 3153 41
343 3092 439 3171 legem
452 3096 594 3155 curiatam
605 3092 641 3154 de
656 3095 780 3173 imperio
792 3094 900 3156 ierenti
914 3096 999 3155 triste
1014 3111 1102 3154 omen
1113 3091 1193 3153 diem

231 3174 351 3247 diffidit,
367 3176 445 3256 quod
457 3177 564 3239 Faucia
576 3178 658 3240 curia
668 3177 724 3239 fuit
733 3178 926 3258 principium,
944 3177 1058 3240 duabus
1068 3174 1194 3254 insignis

230 3257 376 3331 cladibus,
401 3268 503 3340 captae
524 3260 608 3322 urbis
631 3268 663 3323 et
677 3261 824 3324 Caudinae
847 3262 946 3342 pacis,
971 3260 1051 3341 quod
1066 3268 1195 3338 utroque

188 3348 310 3403 144444
330 3343 462 3405 eiusdem
482 3346 582 3406 curiae
606 3345 702 3408 iuerat
725 3346 918 3427 principium
944 3345 1043 3406 blacer
1062 3343 1195 3405 Licinius

231 3426 315 3485 tertia
332 3427 419 3487 etiam
435 3425 532 3498 clade,
549 3447 624 3508 4444
639 3428 677 3491 ad
688 3428 858 3491 Cremeram
872 3436 992 3507 accepta
1006 3435 1065 3496 444,
1081 3424 1195 3488 aheim·
