<?xml version="1.0" encoding="UTF-8"?>
<!DOCTYPE html PUBLIC "-//W3C//DTD XHTML 1.0 Transitional//EN"
    "http://www.w3.org/TR/xhtml1/DTD/xhtml1-transitional.dtd">
<html xmlns="http://www.w3.org/1999/xhtml" xml:lang="en" lang="en">
 <head>
  <title>
</title>
<meta http-equiv="Content-Type" content="text/html;charset=utf-8" />
  <meta name='ocr-system' content='tesseract 3.04.00' />
  <meta name='ocr-capabilities' content='ocr_page ocr_carea ocr_par ocr_line ocrx_word'/>
</head>
<body>
  <div class='ocr_page' id='page_1' title='image "./aburbeconditali12livygoog_0223.png"; bbox 0 0 2575 4067; ppageno 0'>
   <div class='ocr_carea' id='block_1_1' title="bbox 256 242 1041 326">
    <p class='ocr_par' dir='ltr' id='par_1_1' title="bbox 256 242 1041 326">
     <span class='ocr_line' id='line_1_1' title="bbox 256 242 1041 326; baseline 0.009 -20"><span class='ocrx_word' id='word_1_1' title='bbox 256 262 349 307; x_wconf 72' lang='lat' dir='ltr'>enan</span> <span class='ocrx_word' id='word_1_2' title='bbox 363 263 426 306; x_wconf 81' lang='lat' dir='ltr'>m.</span> <span class='ocrx_word' id='word_1_3' title='bbox 442 262 511 306; x_wconf 68' lang='lat' dir='ltr'>our.</span> <span class='ocrx_word' id='word_1_4' title='bbox 528 250 568 307; x_wconf 78' lang='lat'>15.</span> <span class='ocrx_word' id='word_1_5' title='bbox 585 250 627 308; x_wconf 82' lang='lat' dir='ltr'>ro.</span> <span class='ocrx_word' id='word_1_6' title='bbox 643 252 685 305; x_wconf 81' lang='lat' dir='ltr'>rr.</span> <span class='ocrx_word' id='word_1_7' title='bbox 699 242 739 325; x_wconf 75' lang='lat' dir='ltr'>[e.</span> <span class='ocrx_word' id='word_1_8' title='bbox 751 245 787 308; x_wconf 82' lang='lat' dir='ltr'>c.</span> <span class='ocrx_word' id='word_1_9' title='bbox 799 242 862 326; x_wconf 82' lang='lat' dir='ltr'>are]</span> <span class='ocrx_word' id='word_1_10' title='bbox 980 246 1041 314; x_wconf 83' lang='lat'>217</span> 
     </span>
    </p>
   </div>
   <div class='ocr_carea' id='block_1_2' title="bbox 8 408 1102 3069">
    <p class='ocr_par' dir='ltr' id='par_1_2' title="bbox 81 408 1071 1073">
     <span class='ocr_line' id='line_1_2' title="bbox 81 408 1040 494; baseline 0 -21"><span class='ocrx_word' id='word_1_11' title='bbox 81 413 207 494; x_wconf 88' lang='lat' dir='ltr'>pronius</span> <span class='ocrx_word' id='word_1_12' title='bbox 232 408 368 470; x_wconf 89' lang='lat' dir='ltr'>consules</span> <span class='ocrx_word' id='word_1_13' title='bbox 385 409 510 479; x_wconf 87' lang='lat' dir='ltr'>luerint,</span> <span class='ocrx_word' id='word_1_14' title='bbox 537 408 573 470; x_wconf 89' lang='lat' dir='ltr'>ad</span> <span class='ocrx_word' id='word_1_15' title='bbox 593 427 666 487; x_wconf 90' lang='lat' dir='ltr'>quos</span> <span class='ocrx_word' id='word_1_16' title='bbox 683 418 712 471; x_wconf 92' lang='lat' dir='ltr'>et</span> <span class='ocrx_word' id='word_1_17' title='bbox 726 411 873 490; x_wconf 90' lang='lat' dir='ltr'>principio</span> <span class='ocrx_word' id='word_1_18' title='bbox 890 427 1040 492; x_wconf 91' lang='lat' dir='ltr'>oppugna·</span> 
     </span>
     <span class='ocr_line' id='line_1_3' title="bbox 81 493 1041 572; baseline -0.001 -15"><span class='ocrx_word' id='word_1_19' title='bbox 81 497 170 558; x_wconf 90' lang='lat' dir='ltr'>tionis</span> <span class='ocrx_word' id='word_1_20' title='bbox 186 494 275 572; x_wconf 87' lang='lat' dir='ltr'>legati</span> <span class='ocrx_word' id='word_1_21' title='bbox 292 493 446 571; x_wconf 76' lang='lat' dir='ltr'>Saguntini</span> <span class='ocrx_word' id='word_1_22' title='bbox 461 493 542 553; x_wconf 88' lang='lat' dir='ltr'>missi</span> <span class='ocrx_word' id='word_1_23' title='bbox 557 493 629 564; x_wconf 88' lang='lat' dir='ltr'>sint,</span> <span class='ocrx_word' id='word_1_24' title='bbox 647 503 676 554; x_wconf 90' lang='lat' dir='ltr'>et</span> <span class='ocrx_word' id='word_1_25' title='bbox 693 494 742 572; x_wconf 92' lang='lat' dir='ltr'>qni</span> <span class='ocrx_word' id='word_1_26' title='bbox 756 495 787 554; x_wconf 90' lang='lat' dir='ltr'>in</span> <span class='ocrx_word' id='word_1_27' title='bbox 802 511 855 554; x_wconf 89' lang='lat' dir='ltr'>suo</span> <span class='ocrx_word' id='word_1_28' title='bbox 870 496 1041 572; x_wconf 85' lang='lat' dir='ltr'>magistratu</span> 
     </span>
     <span class='ocr_line' id='line_1_4' title="bbox 83 573 1041 656; baseline -0.003 -15"><span class='ocrx_word' id='word_1_29' title='bbox 83 598 150 641; x_wconf 92' lang='lat' dir='ltr'>cum</span> <span class='ocrx_word' id='word_1_30' title='bbox 165 575 344 647; x_wconf 88' lang='lat' dir='ltr'>Hannibale,</span> <span class='ocrx_word' id='word_1_31' title='bbox 360 573 435 636; x_wconf 90' lang='lat' dir='ltr'>alter</span> <span class='ocrx_word' id='word_1_32' title='bbox 446 576 482 636; x_wconf 91' lang='lat' dir='ltr'>ad</span> <span class='ocrx_word' id='word_1_33' title='bbox 497 575 632 636; x_wconf 79' lang='lat' dir='ltr'>Ticinum</span> <span class='ocrx_word' id='word_1_34' title='bbox 647 594 779 646; x_wconf 88' lang='lat' dir='ltr'>amnem,</span> <span class='ocrx_word' id='word_1_35' title='bbox 795 576 882 637; x_wconf 89' lang='lat' dir='ltr'>ambo</span> <span class='ocrx_word' id='word_1_36' title='bbox 894 576 1041 656; x_wconf 84' lang='lat' dir='ltr'>aliquanto</span> 
     </span>
     <span class='ocr_line' id='line_1_5' title="bbox 82 658 1071 743; baseline -0.002 -20"><span class='ocrx_word' id='word_1_37' title='bbox 82 670 150 743; x_wconf 89' lang='lat' dir='ltr'>post</span> <span class='ocrx_word' id='word_1_38' title='bbox 161 661 197 722; x_wconf 93' lang='lat' dir='ltr'>ad</span> <span class='ocrx_word' id='word_1_39' title='bbox 205 659 342 721; x_wconf 87' lang='lat' dir='ltr'>Trebiam</span> <span class='ocrx_word' id='word_1_40' title='bbox 353 660 556 738; x_wconf 86' lang='lat' dir='ltr'>pugnaverint.</span> <span class='ocrx_word' id='word_1_41' title='bbox 579 666 628 721; x_wconf 92' lang='lat' dir='ltr'>aut</span> <span class='ocrx_word' id='word_1_42' title='bbox 639 660 738 731; x_wconf 90' lang='lat' dir='ltr'>omnia</span> <span class='ocrx_word' id='word_1_43' title='bbox 749 658 884 721; x_wconf 83' lang='lat' dir='ltr'>breviore</span> <span class='ocrx_word' id='word_1_44' title='bbox 897 659 1071 740; x_wconf 79' lang='lat' dir='ltr'>aliquantos</span> 
     </span>
     <span class='ocr_line' id='line_1_6' title="bbox 83 742 1040 823; baseline -0.003 -16"><span class='ocrx_word' id='word_1_45' title='bbox 83 747 184 816; x_wconf 89' lang='lat' dir='ltr'>luere,</span> <span class='ocrx_word' id='word_1_46' title='bbox 200 751 250 805; x_wconf 90' lang='lat' dir='ltr'>aut</span> <span class='ocrx_word' id='word_1_47' title='bbox 264 744 426 821; x_wconf 76' lang='lat' dir='ltr'>Saguntum</span> <span class='ocrx_word' id='word_1_48' title='bbox 443 743 589 821; x_wconf 89' lang='lat' dir='ltr'>principio</span> <span class='ocrx_word' id='word_1_49' title='bbox 607 744 691 815; x_wconf 90' lang='lat' dir='ltr'>anni,</span> <span class='ocrx_word' id='word_1_50' title='bbox 709 761 767 823; x_wconf 91' lang='lat' dir='ltr'>quo</span> <span class='ocrx_word' id='word_1_51' title='bbox 781 742 814 804; x_wconf 87' lang='lat' dir='ltr'>P.</span> <span class='ocrx_word' id='word_1_52' title='bbox 831 742 983 805; x_wconf 87' lang='lat' dir='ltr'>Cornelius</span> <span class='ocrx_word' id='word_1_53' title='bbox 996 744 1040 806; x_wconf 83' lang='lat' dir='ltr'>Ti.</span> 
     </span>
     <span class='ocr_line' id='line_1_7' title="bbox 84 824 1041 908; baseline -0.001 -18"><span class='ocrx_word' id='word_1_54' title='bbox 84 829 279 908; x_wconf 83' lang='lat' dir='ltr'>Sempronius</span> <span class='ocrx_word' id='word_1_55' title='bbox 291 824 427 888; x_wconf 86' lang='lat' dir='ltr'>consules</span> <span class='ocrx_word' id='word_1_56' title='bbox 440 825 570 896; x_wconf 91' lang='lat' dir='ltr'>luerunt,</span> <span class='ocrx_word' id='word_1_57' title='bbox 589 843 649 887; x_wconf 92' lang='lat' dir='ltr'>non</span> <span class='ocrx_word' id='word_1_58' title='bbox 665 834 800 906; x_wconf 87' lang='lat' dir='ltr'>coeptum</span> <span class='ocrx_word' id='word_1_59' title='bbox 813 828 977 906; x_wconf 89' lang='lat' dir='ltr'>oppugnari</span> <span class='ocrx_word' id='word_1_60' title='bbox 989 836 1041 898; x_wconf 87' lang='lat' dir='ltr'>est,</span> 
     </span>
     <span class='ocr_line' id='line_1_8' title="bbox 84 908 1071 990; baseline -0.002 -16"><span class='ocrx_word' id='word_1_61' title='bbox 84 912 136 974; x_wconf 88' lang='lat' dir='ltr'>sed</span> <span class='ocrx_word' id='word_1_62' title='bbox 152 917 278 990; x_wconf 84' lang='lat' dir='ltr'>captum.</span> <span class='ocrx_word' id='word_1_63' title='bbox 297 910 379 970; x_wconf 63' lang='lat' dir='ltr'>‘nam</span> <span class='ocrx_word' id='word_1_64' title='bbox 395 910 555 970; x_wconf 83' lang='lat' dir='ltr'>excessisse</span> <span class='ocrx_word' id='word_1_65' title='bbox 570 927 668 988; x_wconf 91' lang='lat' dir='ltr'>pugna</span> <span class='ocrx_word' id='word_1_66' title='bbox 681 910 718 971; x_wconf 92' lang='lat' dir='ltr'>ad</span> <span class='ocrx_word' id='word_1_67' title='bbox 732 908 871 972; x_wconf 76' lang='lat' dir='ltr'>Trebiam</span> <span class='ocrx_word' id='word_1_68' title='bbox 886 909 918 971; x_wconf 91' lang='lat' dir='ltr'>ln</span> <span class='ocrx_word' id='word_1_69' title='bbox 933 918 1071 972; x_wconf 79' lang='lat' dir='ltr'>annumt</span> 
     </span>
     <span class='ocr_line' id='line_1_9' title="bbox 85 990 1041 1073; baseline -0.001 -17"><span class='ocrx_word' id='word_1_70' title='bbox 85 996 139 1057; x_wconf 82' lang='lat' dir='ltr'>Cn.</span> <span class='ocrx_word' id='word_1_71' title='bbox 159 993 263 1054; x_wconf 79' lang='lat' dir='ltr'>Servili</span> <span class='ocrx_word' id='word_1_72' title='bbox 284 1000 313 1053; x_wconf 89' lang='lat' dir='ltr'>et</span> <span class='ocrx_word' id='word_1_73' title='bbox 331 993 361 1055; x_wconf 85' lang='lat' dir='ltr'>C.</span> <span class='ocrx_word' id='word_1_74' title='bbox 374 990 501 1053; x_wconf 81' lang='lat' dir='ltr'>Flamini</span> <span class='ocrx_word' id='word_1_75' title='bbox 521 1009 581 1053; x_wconf 90' lang='lat' dir='ltr'>non</span> <span class='ocrx_word' id='word_1_76' title='bbox 601 1000 712 1072; x_wconf 90' lang='lat' dir='ltr'>potest,</span> <span class='ocrx_word' id='word_1_77' title='bbox 738 995 806 1073; x_wconf 92' lang='lat' dir='ltr'>qula</span> <span class='ocrx_word' id='word_1_78' title='bbox 826 992 857 1055; x_wconf 88' lang='lat' dir='ltr'>C.</span> <span class='ocrx_word' id='word_1_79' title='bbox 880 992 1041 1055; x_wconf 83' lang='lat' dir='ltr'>Flaminius</span> 
     </span>
    </p>

    <p class='ocr_par' dir='ltr' id='par_1_3' title="bbox 8 1074 1043 1389">
     <span class='ocr_line' id='line_1_10' title="bbox 8 1074 1042 1178; baseline 0.001 -42"><span class='ocrx_word' id='word_1_80' title='bbox 8 1074 407 1178; x_wconf 45' lang='lat' dir='ltr'>pegfflminiconsulatum</span> <span class='ocrx_word' id='word_1_81' title='bbox 419 1077 493 1145; x_wconf 89' lang='lat' dir='ltr'>iniit,</span> <span class='ocrx_word' id='word_1_82' title='bbox 508 1083 624 1137; x_wconf 91' lang='lat' dir='ltr'>creatus</span> <span class='ocrx_word' id='word_1_83' title='bbox 637 1093 653 1137; x_wconf 89' lang='lat' dir='ltr'>a</span> <span class='ocrx_word' id='word_1_84' title='bbox 665 1075 710 1137; x_wconf 86' lang='lat' dir='ltr'>Ti.</span> <span class='ocrx_word' id='word_1_85' title='bbox 726 1076 901 1156; x_wconf 88' lang='lat' dir='ltr'>Sempronio</span> <span class='ocrx_word' id='word_1_86' title='bbox 912 1075 1042 1147; x_wconf 88' lang='lat' dir='ltr'>consule,</span> 
     </span>
     <span class='ocr_line' id='line_1_11' title="bbox 87 1157 1043 1241; baseline 0 -19"><span class='ocrx_word' id='word_1_87' title='bbox 87 1161 138 1241; x_wconf 91' lang='lat' dir='ltr'>qui</span> <span class='ocrx_word' id='word_1_88' title='bbox 151 1168 218 1238; x_wconf 91' lang='lat' dir='ltr'>post</span> <span class='ocrx_word' id='word_1_89' title='bbox 228 1176 356 1237; x_wconf 88' lang='lat' dir='ltr'>pugnam</span> <span class='ocrx_word' id='word_1_90' title='bbox 367 1159 402 1220; x_wconf 93' lang='lat' dir='ltr'>ad</span> <span class='ocrx_word' id='word_1_91' title='bbox 414 1158 551 1220; x_wconf 77' lang='lat' dir='ltr'>Trebiam</span> <span class='ocrx_word' id='word_1_92' title='bbox 565 1159 600 1220; x_wconf 92' lang='lat' dir='ltr'>ad</span> <span class='ocrx_word' id='word_1_93' title='bbox 617 1159 760 1221; x_wconf 89' lang='lat' dir='ltr'>creandos</span> <span class='ocrx_word' id='word_1_94' title='bbox 774 1157 910 1220; x_wconf 87' lang='lat' dir='ltr'>consules</span> <span class='ocrx_word' id='word_1_95' title='bbox 920 1159 1043 1222; x_wconf 86' lang='lat' dir='ltr'>Romam</span> 
     </span>
     <span class='ocr_line' id='line_1_12' title="bbox 88 1241 1043 1322; baseline 0.001 -17"><span class='ocrx_word' id='word_1_96' title='bbox 88 1262 155 1305; x_wconf 91' lang='lat' dir='ltr'>cum</span> <span class='ocrx_word' id='word_1_97' title='bbox 176 1244 315 1314; x_wconf 84' lang='lat' dir='ltr'>venisset,</span> <span class='ocrx_word' id='word_1_98' title='bbox 340 1243 464 1303; x_wconf 88' lang='lat' dir='ltr'>comitiis</span> <span class='ocrx_word' id='word_1_99' title='bbox 478 1242 616 1322; x_wconf 90' lang='lat' dir='ltr'>perlectis</span> <span class='ocrx_word' id='word_1_100' title='bbox 640 1241 676 1303; x_wconf 90' lang='lat' dir='ltr'>ad</span> <span class='ocrx_word' id='word_1_101' title='bbox 691 1245 852 1305; x_wconf 87' lang='lat' dir='ltr'>exercitum</span> <span class='ocrx_word' id='word_1_102' title='bbox 869 1243 899 1304; x_wconf 90' lang='lat' dir='ltr'>iu</span> <span class='ocrx_word' id='word_1_103' title='bbox 918 1243 1043 1306; x_wconf 89' lang='lat' dir='ltr'>hiberna</span> 
     </span>
     <span class='ocr_line' id='line_1_13' title="bbox 88 1327 182 1389; baseline -0.032 0"><span class='ocrx_word' id='word_1_104' title='bbox 88 1327 182 1389; x_wconf 88' lang='lat' dir='ltr'>rediit.</span> 
     </span>
    </p>

    <p class='ocr_par' dir='ltr' id='par_1_4' title="bbox 88 1407 1074 2986">
     <span class='ocr_line' id='line_1_14' title="bbox 149 1407 1068 1489; baseline 0 -17"><span class='ocrx_word' id='word_1_105' title='bbox 149 1409 222 1472; x_wconf 85' lang='lat' dir='ltr'><strong>XVI.</strong></span> <span class='ocrx_word' id='word_1_106' title='bbox 258 1407 318 1470; x_wconf 87' lang='lat' dir='ltr'>Sub</span> <span class='ocrx_word' id='word_1_107' title='bbox 338 1408 417 1469; x_wconf 89' lang='lat' dir='ltr'>idem</span> <span class='ocrx_word' id='word_1_108' title='bbox 433 1408 496 1469; x_wconf 90' lang='lat' dir='ltr'>lere</span> <span class='ocrx_word' id='word_1_109' title='bbox 514 1417 630 1488; x_wconf 91' lang='lat' dir='ltr'>tempus</span> <span class='ocrx_word' id='word_1_110' title='bbox 652 1417 681 1470; x_wconf 90' lang='lat' dir='ltr'>et</span> <span class='ocrx_word' id='word_1_111' title='bbox 698 1408 801 1488; x_wconf 89' lang='lat' dir='ltr'>legati,</span> <span class='ocrx_word' id='word_1_112' title='bbox 823 1411 873 1489; x_wconf 89' lang='lat' dir='ltr'>qui</span> <span class='ocrx_word' id='word_1_113' title='bbox 893 1410 1068 1472; x_wconf 87' lang='lat' dir='ltr'>redierantt</span> 
     </span>
     <span class='ocr_line' id='line_1_15' title="bbox 88 1491 1043 1571; baseline -0.001 -15"><span class='ocrx_word' id='word_1_114' title='bbox 88 1494 123 1556; x_wconf 90' lang='lat' dir='ltr'>ab</span> <span class='ocrx_word' id='word_1_115' title='bbox 139 1492 329 1571; x_wconf 80' lang='lat' dir='ltr'>Carthagine,</span> <span class='ocrx_word' id='word_1_116' title='bbox 352 1491 476 1553; x_wconf 84' lang='lat' dir='ltr'>Romam</span> <span class='ocrx_word' id='word_1_117' title='bbox 490 1491 654 1553; x_wconf 87' lang='lat' dir='ltr'>retulerunt</span> <span class='ocrx_word' id='word_1_118' title='bbox 668 1494 765 1553; x_wconf 91' lang='lat' dir='ltr'>omnia</span> <span class='ocrx_word' id='word_1_119' title='bbox 786 1492 902 1554; x_wconf 91' lang='lat' dir='ltr'>hostilia</span> <span class='ocrx_word' id='word_1_120' title='bbox 917 1511 999 1566; x_wconf 88' lang='lat' dir='ltr'>esse,</span> <span class='ocrx_word' id='word_1_121' title='bbox 1014 1502 1043 1555; x_wconf 86' lang='lat' dir='ltr'>et</span> 
     </span>
     <span class='ocr_line' id='line_1_16' title="bbox 88 1575 1071 1656; baseline 0 -18"><span class='ocrx_word' id='word_1_122' title='bbox 88 1577 210 1655; x_wconf 83' lang='lat' dir='ltr'>Sagunti</span> <span class='ocrx_word' id='word_1_123' title='bbox 228 1575 374 1636; x_wconf 83' lang='lat' dir='ltr'>excidium</span> <span class='ocrx_word' id='word_1_124' title='bbox 388 1576 552 1636; x_wconf 88' lang='lat' dir='ltr'>nuntiatum</span> <span class='ocrx_word' id='word_1_125' title='bbox 568 1584 627 1648; x_wconf 89' lang='lat' dir='ltr'>est,</span> <span class='ocrx_word' id='word_1_126' title='bbox 644 1584 800 1656; x_wconf 87' lang='lat' dir='ltr'>tantusque</span> <span class='ocrx_word' id='word_1_127' title='bbox 816 1576 903 1639; x_wconf 89' lang='lat' dir='ltr'>simul</span> <span class='ocrx_word' id='word_1_128' title='bbox 925 1588 1071 1640; x_wconf 75' lang='lat' dir='ltr'>maerora</span> 
     </span>
     <span class='ocr_line' id='line_1_17' title="bbox 88 1657 1045 1742; baseline 0.002 -22"><span class='ocrx_word' id='word_1_129' title='bbox 88 1665 188 1742; x_wconf 84' lang='lat' dir='ltr'>patres</span> <span class='ocrx_word' id='word_1_130' title='bbox 202 1657 460 1738; x_wconf 84' lang='lat' dir='ltr'>misericordiaque</span> <span class='ocrx_word' id='word_1_131' title='bbox 476 1660 623 1720; x_wconf 89' lang='lat' dir='ltr'>sociorum</span> <span class='ocrx_word' id='word_1_132' title='bbox 637 1667 860 1740; x_wconf 77' lang='lat' dir='ltr'>peremptorum</span> <span class='ocrx_word' id='word_1_133' title='bbox 876 1660 997 1740; x_wconf 91' lang='lat' dir='ltr'>indigne</span> <span class='ocrx_word' id='word_1_134' title='bbox 1014 1668 1045 1722; x_wconf 89' lang='lat' dir='ltr'>et</span> 
     </span>
     <span class='ocr_line' id='line_1_18' title="bbox 90 1741 1044 1825; baseline 0.001 -20"><span class='ocrx_word' id='word_1_135' title='bbox 90 1744 186 1825; x_wconf 90' lang='lat' dir='ltr'>pudor</span> <span class='ocrx_word' id='word_1_136' title='bbox 202 1760 262 1802; x_wconf 91' lang='lat' dir='ltr'>non</span> <span class='ocrx_word' id='word_1_137' title='bbox 277 1741 327 1803; x_wconf 92' lang='lat' dir='ltr'>lati</span> <span class='ocrx_word' id='word_1_138' title='bbox 348 1741 447 1802; x_wconf 82' lang='lat' dir='ltr'>auxilii</span> <span class='ocrx_word' id='word_1_139' title='bbox 463 1750 492 1804; x_wconf 88' lang='lat' dir='ltr'>et</span> <span class='ocrx_word' id='word_1_140' title='bbox 507 1744 551 1802; x_wconf 90' lang='lat' dir='ltr'>ira</span> <span class='ocrx_word' id='word_1_141' title='bbox 564 1745 595 1803; x_wconf 91' lang='lat' dir='ltr'>in</span> <span class='ocrx_word' id='word_1_142' title='bbox 616 1744 873 1822; x_wconf 85' lang='lat' dir='ltr'>Carthaginienses</span> <span class='ocrx_word' id='word_1_143' title='bbox 889 1750 1044 1823; x_wconf 89' lang='lat' dir='ltr'>metusque</span> 
     </span>
     <span class='ocr_line' id='line_1_19' title="bbox 91 1823 1042 1907; baseline -0.001 -19"><span class='ocrx_word' id='word_1_144' title='bbox 91 1828 127 1888; x_wconf 92' lang='lat' dir='ltr'>de</span> <span class='ocrx_word' id='word_1_145' title='bbox 139 1844 253 1888; x_wconf 92' lang='lat' dir='ltr'>summa</span> <span class='ocrx_word' id='word_1_146' title='bbox 267 1843 367 1886; x_wconf 88' lang='lat' dir='ltr'>rerum</span> <span class='ocrx_word' id='word_1_147' title='bbox 381 1826 474 1905; x_wconf 90' lang='lat' dir='ltr'>cepit,</span> <span class='ocrx_word' id='word_1_148' title='bbox 489 1823 569 1886; x_wconf 84' lang='lat' dir='ltr'>reiut</span> <span class='ocrx_word' id='word_1_149' title='bbox 578 1826 603 1885; x_wconf 91' lang='lat' dir='ltr'>sl</span> <span class='ocrx_word' id='word_1_150' title='bbox 617 1828 676 1888; x_wconf 91' lang='lat' dir='ltr'>iam</span> <span class='ocrx_word' id='word_1_151' title='bbox 691 1827 727 1887; x_wconf 91' lang='lat' dir='ltr'>ad</span> <span class='ocrx_word' id='word_1_152' title='bbox 738 1836 838 1907; x_wconf 88' lang='lat' dir='ltr'>portas</span> <span class='ocrx_word' id='word_1_153' title='bbox 852 1827 945 1889; x_wconf 89' lang='lat' dir='ltr'>hostis</span> <span class='ocrx_word' id='word_1_154' title='bbox 956 1835 1042 1896; x_wconf 90' lang='lat' dir='ltr'>esset,</span> 
     </span>
     <span class='ocr_line' id='line_1_20' title="bbox 89 1907 1044 1989; baseline -0.001 -18"><span class='ocrx_word' id='word_1_155' title='bbox 89 1917 122 1972; x_wconf 89' lang='lat' dir='ltr'>ut</span> <span class='ocrx_word' id='word_1_156' title='bbox 137 1916 181 1970; x_wconf 88' lang='lat' dir='ltr'>tot</span> <span class='ocrx_word' id='word_1_157' title='bbox 196 1927 255 1971; x_wconf 93' lang='lat' dir='ltr'>uno</span> <span class='ocrx_word' id='word_1_158' title='bbox 269 1916 404 1988; x_wconf 89' lang='lat' dir='ltr'>ternpore</span> <span class='ocrx_word' id='word_1_159' title='bbox 417 1907 545 1970; x_wconf 83' lang='lat' dir='ltr'>motibus</span> <span class='ocrx_word' id='word_1_160' title='bbox 560 1910 650 1969; x_wconf 91' lang='lat' dir='ltr'>animi</span> <span class='ocrx_word' id='word_1_161' title='bbox 663 1909 773 1970; x_wconf 88' lang='lat' dir='ltr'>turbati</span> <span class='ocrx_word' id='word_1_162' title='bbox 787 1909 969 1989; x_wconf 85' lang='lat' dir='ltr'>trepidarent</span> <span class='ocrx_word' id='word_1_163' title='bbox 983 1928 1044 1972; x_wconf 90' lang='lat' dir='ltr'>ma·</span> 
     </span>
     <span class='ocr_line' id='line_1_21' title="bbox 89 1991 1073 2073; baseline 0.001 -19"><span class='ocrx_word' id='word_1_164' title='bbox 89 1994 134 2073; x_wconf 90' lang='lat' dir='ltr'>gis</span> <span class='ocrx_word' id='word_1_165' title='bbox 190 2011 236 2054; x_wconf 90' lang='lat' dir='ltr'>am</span> <span class='ocrx_word' id='word_1_166' title='bbox 251 1991 455 2054; x_wconf 89' lang='lat' dir='ltr'>consulerent:</span> <span class='ocrx_word' id='word_1_167' title='bbox 472 2008 539 2052; x_wconf 88' lang='lat' dir='ltr'>nam</span> <span class='ocrx_word' id='word_1_168' title='bbox 555 2009 651 2070; x_wconf 90' lang='lat' dir='ltr'>neque</span> <span class='ocrx_word' id='word_1_169' title='bbox 665 1992 780 2053; x_wconf 87' lang='lat' dir='ltr'>hostem</span> <span class='ocrx_word' id='word_1_170' title='bbox 803 1994 947 2053; x_wconf 89' lang='lat' dir='ltr'>acriorem</span> <span class='ocrx_word' id='word_1_171' title='bbox 962 1991 1073 2055; x_wconf 80' lang='lat' dir='ltr'>neth-a</span> 
     </span>
     <span class='ocr_line' id='line_1_22' title="bbox 91 2074 1045 2155; baseline -0.003 -16"><span class='ocrx_word' id='word_1_172' title='bbox 91 2079 151 2139; x_wconf 87' lang='lat' dir='ltr'>cosi</span> <span class='ocrx_word' id='word_1_173' title='bbox 170 2094 292 2155; x_wconf 89' lang='lat' dir='ltr'>remque</span> <span class='ocrx_word' id='word_1_174' title='bbox 307 2093 408 2136; x_wconf 89' lang='lat' dir='ltr'>secum</span> <span class='ocrx_word' id='word_1_175' title='bbox 422 2091 629 2152; x_wconf 89' lang='lat' dir='ltr'>congressum,</span> <span class='ocrx_word' id='word_1_176' title='bbox 654 2091 709 2135; x_wconf 90' lang='lat' dir='ltr'>nec</span> <span class='ocrx_word' id='word_1_177' title='bbox 731 2092 795 2135; x_wconf 91' lang='lat' dir='ltr'>rem</span> <span class='ocrx_word' id='word_1_178' title='bbox 808 2074 970 2136; x_wconf 88' lang='lat' dir='ltr'>Romanam</span> <span class='ocrx_word' id='word_1_179' title='bbox 985 2083 1045 2136; x_wconf 88' lang='lat' dir='ltr'>tarn</span> 
     </span>
     <span class='ocr_line' id='line_1_23' title="bbox 90 2156 1072 2239; baseline -0.002 -18"><span class='ocrx_word' id='word_1_180' title='bbox 90 2161 219 2222; x_wconf 86' lang='lat' dir='ltr'>desidem</span> <span class='ocrx_word' id='word_1_181' title='bbox 231 2177 371 2239; x_wconf 89' lang='lat' dir='ltr'>umquam</span> <span class='ocrx_word' id='word_1_182' title='bbox 382 2158 472 2219; x_wconf 88' lang='lat' dir='ltr'>luisse</span> <span class='ocrx_word' id='word_1_183' title='bbox 487 2167 573 2238; x_wconf 92' lang='lat' dir='ltr'>atque</span> <span class='ocrx_word' id='word_1_184' title='bbox 583 2156 733 2218; x_wconf 88' lang='lat' dir='ltr'>inheHem.</span> <span class='ocrx_word' id='word_1_185' title='bbox 761 2156 1072 2236; x_wconf 82' lang='lat' dir='ltr'>SardosCorsosquet</span> 
     </span>
     <span class='ocr_line' id='line_1_24' title="bbox 90 2241 1046 2322; baseline -0.005 -17"><span class='ocrx_word' id='word_1_186' title='bbox 90 2252 122 2305; x_wconf 89' lang='lat' dir='ltr'>et</span> <span class='ocrx_word' id='word_1_187' title='bbox 136 2244 250 2307; x_wconf 86' lang='lat' dir='ltr'>Histros</span> <span class='ocrx_word' id='word_1_188' title='bbox 265 2251 352 2322; x_wconf 89' lang='lat' dir='ltr'>atque</span> <span class='ocrx_word' id='word_1_189' title='bbox 369 2241 484 2321; x_wconf 74' lang='lat' dir='ltr'>Hlyrios</span> <span class='ocrx_word' id='word_1_190' title='bbox 499 2241 651 2302; x_wconf 88' lang='lat' dir='ltr'>lacessisse</span> <span class='ocrx_word' id='word_1_191' title='bbox 665 2242 760 2319; x_wconf 91' lang='lat' dir='ltr'>magis</span> <span class='ocrx_word' id='word_1_192' title='bbox 777 2258 863 2321; x_wconf 88' lang='lat' dir='ltr'>quarn</span> <span class='ocrx_word' id='word_1_193' title='bbox 879 2241 1046 2302; x_wconf 86' lang='lat' dir='ltr'>exercuisse</span> 
     </span>
     <span class='ocr_line' id='line_1_25' title="bbox 90 2322 1044 2402; baseline -0.006 -13"><span class='ocrx_word' id='word_1_194' title='bbox 90 2328 221 2389; x_wconf 85' lang='lat' dir='ltr'>Romana</span> <span class='ocrx_word' id='word_1_195' title='bbox 239 2344 333 2398; x_wconf 91' lang='lat' dir='ltr'>arma,</span> <span class='ocrx_word' id='word_1_196' title='bbox 361 2336 390 2386; x_wconf 92' lang='lat' dir='ltr'>et</span> <span class='ocrx_word' id='word_1_197' title='bbox 412 2343 479 2386; x_wconf 89' lang='lat' dir='ltr'>cum</span> <span class='ocrx_word' id='word_1_198' title='bbox 500 2323 589 2386; x_wconf 90' lang='lat' dir='ltr'>GaHis</span> <span class='ocrx_word' id='word_1_199' title='bbox 607 2322 814 2386; x_wconf 91' lang='lat' dir='ltr'>tumultuatum</span> <span class='ocrx_word' id='word_1_200' title='bbox 839 2325 936 2385; x_wconf 86' lang='lat' dir='ltr'>verius</span> <span class='ocrx_word' id='word_1_201' title='bbox 959 2340 1044 2402; x_wconf 91' lang='lat' dir='ltr'>quam</span> 
     </span>
     <span class='ocr_line' id='line_1_26' title="bbox 89 2407 1074 2488; baseline -0.001 -18"><span class='ocrx_word' id='word_1_202' title='bbox 89 2409 311 2488; x_wconf 86' lang='lat' dir='ltr'>beHigeratum:</span> <span class='ocrx_word' id='word_1_203' title='bbox 328 2409 460 2471; x_wconf 90' lang='lat' dir='ltr'>Poenum</span> <span class='ocrx_word' id='word_1_204' title='bbox 472 2409 587 2469; x_wconf 89' lang='lat' dir='ltr'>hostem</span> <span class='ocrx_word' id='word_1_205' title='bbox 602 2416 790 2479; x_wconf 83' lang='lat' dir='ltr'>veteranum,</span> <span class='ocrx_word' id='word_1_206' title='bbox 804 2409 893 2469; x_wconf 92' lang='lat' dir='ltr'>trium</span> <span class='ocrx_word' id='word_1_207' title='bbox 904 2415 934 2468; x_wconf 90' lang='lat' dir='ltr'>et</span> <span class='ocrx_word' id='word_1_208' title='bbox 944 2407 1074 2485; x_wconf 79' lang='lat' dir='ltr'>vigintit</span> 
     </span>
     <span class='ocr_line' id='line_1_27' title="bbox 91 2492 1045 2572; baseline -0.002 -17"><span class='ocrx_word' id='word_1_209' title='bbox 91 2511 236 2555; x_wconf 91' lang='lat' dir='ltr'>annorum</span> <span class='ocrx_word' id='word_1_210' title='bbox 251 2492 353 2555; x_wconf 88' lang='lat' dir='ltr'>militia</span> <span class='ocrx_word' id='word_1_211' title='bbox 369 2493 524 2554; x_wconf 87' lang='lat' dir='ltr'>durissima</span> <span class='ocrx_word' id='word_1_212' title='bbox 547 2493 625 2554; x_wconf 91' lang='lat' dir='ltr'>inter</span> <span class='ocrx_word' id='word_1_213' title='bbox 639 2492 783 2572; x_wconf 88' lang='lat' dir='ltr'>Hispanas</span> <span class='ocrx_word' id='word_1_214' title='bbox 806 2497 909 2570; x_wconf 88' lang='lat' dir='ltr'>gentes</span> <span class='ocrx_word' id='word_1_215' title='bbox 929 2508 1045 2570; x_wconf 90' lang='lat' dir='ltr'>semper</span> 
     </span>
     <span class='ocr_line' id='line_1_28' title="bbox 90 2573 1045 2647; baseline -0.002 -9"><span class='ocrx_word' id='word_1_216' title='bbox 90 2579 247 2647; x_wconf 89' lang='lat' dir='ltr'>victorem,</span> <span class='ocrx_word' id='word_1_217' title='bbox 263 2577 331 2638; x_wconf 89' lang='lat' dir='ltr'>duci</span> <span class='ocrx_word' id='word_1_218' title='bbox 346 2578 490 2639; x_wconf 89' lang='lat' dir='ltr'>acerrimo</span> <span class='ocrx_word' id='word_1_219' title='bbox 506 2576 674 2647; x_wconf 88' lang='lat' dir='ltr'>adsuetum,</span> <span class='ocrx_word' id='word_1_220' title='bbox 699 2583 851 2638; x_wconf 87' lang='lat' dir='ltr'>recentem</span> <span class='ocrx_word' id='word_1_221' title='bbox 875 2573 912 2637; x_wconf 89' lang='lat' dir='ltr'>ab</span> <span class='ocrx_word' id='word_1_222' title='bbox 933 2575 1045 2638; x_wconf 83' lang='lat' dir='ltr'>excidio</span> 
     </span>
     <span class='ocr_line' id='line_1_29' title="bbox 90 2660 1074 2739; baseline 0 -17"><span class='ocrx_word' id='word_1_223' title='bbox 90 2660 328 2739; x_wconf 85' lang='lat' dir='ltr'>opulentissimae</span> <span class='ocrx_word' id='word_1_224' title='bbox 340 2660 423 2721; x_wconf 90' lang='lat' dir='ltr'>urhis</span> <span class='ocrx_word' id='word_1_225' title='bbox 437 2660 578 2722; x_wconf 90' lang='lat' dir='ltr'>Hiberum</span> <span class='ocrx_word' id='word_1_226' title='bbox 595 2661 738 2730; x_wconf 89' lang='lat' dir='ltr'>transire;</span> <span class='ocrx_word' id='word_1_227' title='bbox 756 2660 873 2722; x_wconf 91' lang='lat' dir='ltr'>trahere</span> <span class='ocrx_word' id='word_1_228' title='bbox 888 2678 988 2722; x_wconf 89' lang='lat' dir='ltr'>secum</span> <span class='ocrx_word' id='word_1_229' title='bbox 1003 2666 1074 2722; x_wconf 80' lang='lat' dir='ltr'>toto</span> 
     </span>
     <span class='ocr_line' id='line_1_30' title="bbox 90 2743 1047 2824; baseline 0 -19"><span class='ocrx_word' id='word_1_230' title='bbox 90 2747 202 2806; x_wconf 83' lang='lat' dir='ltr'>excitos</span> <span class='ocrx_word' id='word_1_231' title='bbox 215 2744 413 2822; x_wconf 86' lang='lat' dir='ltr'>Hispanorum</span> <span class='ocrx_word' id='word_1_232' title='bbox 432 2743 570 2824; x_wconf 90' lang='lat' dir='ltr'>populos;</span> <span class='ocrx_word' id='word_1_233' title='bbox 602 2746 787 2808; x_wconf 88' lang='lat' dir='ltr'>conciturum</span> <span class='ocrx_word' id='word_1_234' title='bbox 809 2743 907 2806; x_wconf 85' lang='lat' dir='ltr'>aridas</span> <span class='ocrx_word' id='word_1_235' title='bbox 928 2762 1047 2824; x_wconf 87' lang='lat' dir='ltr'>semper</span> 
     </span>
     <span class='ocr_line' id='line_1_31' title="bbox 90 2825 1046 2905; baseline -0.001 -19"><span class='ocrx_word' id='word_1_236' title='bbox 90 2844 244 2886; x_wconf 89' lang='lat' dir='ltr'>armorum</span> <span class='ocrx_word' id='word_1_237' title='bbox 259 2825 383 2887; x_wconf 89' lang='lat' dir='ltr'>GaHicas</span> <span class='ocrx_word' id='word_1_238' title='bbox 399 2835 516 2905; x_wconf 85' lang='lat' dir='ltr'>gentes:</span> <span class='ocrx_word' id='word_1_239' title='bbox 534 2846 601 2888; x_wconf 86' lang='lat' dir='ltr'>cum</span> <span class='ocrx_word' id='word_1_240' title='bbox 618 2828 691 2888; x_wconf 87' lang='lat' dir='ltr'>orbe</span> <span class='ocrx_word' id='word_1_241' title='bbox 709 2835 857 2888; x_wconf 89' lang='lat' dir='ltr'>terrarum</span> <span class='ocrx_word' id='word_1_242' title='bbox 871 2826 982 2888; x_wconf 89' lang='lat' dir='ltr'>heHum</span> <span class='ocrx_word' id='word_1_243' title='bbox 996 2843 1046 2903; x_wconf 89' lang='lat' dir='ltr'>ge·</span> 
     </span>
     <span class='ocr_line' id='line_1_32' title="bbox 90 2907 1073 2986; baseline 0.002 -20"><span class='ocrx_word' id='word_1_244' title='bbox 90 2907 218 2967; x_wconf 90' lang='lat' dir='ltr'>rendum</span> <span class='ocrx_word' id='word_1_245' title='bbox 233 2909 265 2966; x_wconf 89' lang='lat' dir='ltr'>in</span> <span class='ocrx_word' id='word_1_246' title='bbox 280 2907 362 2968; x_wconf 90' lang='lat' dir='ltr'>Italia</span> <span class='ocrx_word' id='word_1_247' title='bbox 378 2926 412 2968; x_wconf 88' lang='lat' dir='ltr'>ac</span> <span class='ocrx_word' id='word_1_248' title='bbox 426 2927 481 2986; x_wconf 88' lang='lat' dir='ltr'>pro</span> <span class='ocrx_word' id='word_1_249' title='bbox 495 2911 650 2973; x_wconf 87' lang='lat' dir='ltr'>moenibus</span> <span class='ocrx_word' id='word_1_250' title='bbox 667 2909 807 2970; x_wconf 84' lang='lat' dir='ltr'>Romanis</span> <span class='ocrx_word' id='word_1_251' title='bbox 823 2926 896 2969; x_wconf 88' lang='lat' dir='ltr'>esse.</span> <span class='ocrx_word' id='word_1_252' title='bbox 973 2946 998 2959; x_wconf 51' lang='grc' dir='ltr'>ω</span> <span class='ocrx_word' id='word_1_253' title='bbox 1029 2958 1033 2965; x_wconf 93' lang='grc'>.</span> <span class='ocrx_word' id='word_1_254' title='bbox 1065 2972 1073 2979; x_wconf 17' lang='grc' dir='ltr'><strong>ἡ</strong></span> 
     </span>
    </p>

    <p class='ocr_par' dir='ltr' id='par_1_5' title="bbox 153 2984 1102 3069">
     <span class='ocr_line' id='line_1_33' title="bbox 153 2984 1102 3069; baseline 0 -20"><span class='ocrx_word' id='word_1_255' title='bbox 153 2984 240 3049; x_wconf 80' lang='lat' dir='ltr'>XVH.</span> <span class='ocrx_word' id='word_1_256' title='bbox 284 2990 455 3051; x_wconf 89' lang='lat' dir='ltr'>Nominatae</span> <span class='ocrx_word' id='word_1_257' title='bbox 486 2993 543 3054; x_wconf 89' lang='lat' dir='ltr'>iam</span> <span class='ocrx_word' id='word_1_258' title='bbox 571 3002 656 3056; x_wconf 89' lang='lat' dir='ltr'>antea</span> <span class='ocrx_word' id='word_1_259' title='bbox 685 2990 854 3054; x_wconf 86' lang='lat' dir='ltr'>consulibus</span> <span class='ocrx_word' id='word_1_260' title='bbox 879 2991 1102 3069; x_wconf 82' lang='lat' dir='ltr'>provinciael&#39;</span> 
     </span>
    </p>
   </div>
   <div class='ocr_carea' id='block_1_3' title="bbox 19 3073 1076 3573">
    <p class='ocr_par' dir='ltr' id='par_1_6' title="bbox 91 3073 1048 3156">
     <span class='ocr_line' id='line_1_34' title="bbox 91 3073 1048 3156; baseline -0.007 -14"><span class='ocrx_word' id='word_1_261' title='bbox 91 3079 204 3142; x_wconf 55' lang='lat' dir='ltr'>erant»</span> <span class='ocrx_word' id='word_1_262' title='bbox 217 3080 278 3133; x_wconf 86' lang='lat' dir='ltr'>tum</span> <span class='ocrx_word' id='word_1_263' title='bbox 304 3073 404 3133; x_wconf 88' lang='lat' dir='ltr'>sortiri</span> <span class='ocrx_word' id='word_1_264' title='bbox 422 3075 502 3133; x_wconf 89' lang='lat' dir='ltr'>iussi.</span> <span class='ocrx_word' id='word_1_265' title='bbox 537 3077 672 3138; x_wconf 85' lang='lat' dir='ltr'>Cornelio</span> <span class='ocrx_word' id='word_1_266' title='bbox 689 3076 844 3156; x_wconf 86' lang='lat' dir='ltr'>Hispania,</span> <span class='ocrx_word' id='word_1_267' title='bbox 873 3074 1048 3153; x_wconf 87' lang='lat' dir='ltr'>Sempronio</span> 
     </span>
    </p>

    <p class='ocr_par' dir='ltr' id='par_1_7' title="bbox 19 3152 1076 3573">
     <span class='ocr_line' id='line_1_35' title="bbox 19 3152 1075 3220; baseline -0.001 -3"><span class='ocrx_word' id='word_1_268' title='bbox 19 3214 23 3217; x_wconf 75' lang='grc'>,</span> <span class='ocrx_word' id='word_1_269' title='bbox 89 3157 189 3219; x_wconf 80' lang='lat' dir='ltr'>hirica</span> <span class='ocrx_word' id='word_1_270' title='bbox 208 3174 275 3218; x_wconf 89' lang='lat' dir='ltr'>cum</span> <span class='ocrx_word' id='word_1_271' title='bbox 296 3152 393 3216; x_wconf 88' lang='lat' dir='ltr'>Sicilia</span> <span class='ocrx_word' id='word_1_272' title='bbox 415 3156 519 3217; x_wconf 90' lang='lat' dir='ltr'>evenit.</span> <span class='ocrx_word' id='word_1_273' title='bbox 561 3176 612 3220; x_wconf 81' lang='lat' dir='ltr'>ser</span> <span class='ocrx_word' id='word_1_274' title='bbox 635 3161 668 3219; x_wconf 91' lang='lat' dir='ltr'>ln</span> <span class='ocrx_word' id='word_1_275' title='bbox 689 3177 756 3220; x_wconf 92' lang='lat' dir='ltr'>eum</span> <span class='ocrx_word' id='word_1_276' title='bbox 777 3175 886 3219; x_wconf 90' lang='lat' dir='ltr'>annum</span> <span class='ocrx_word' id='word_1_277' title='bbox 913 3157 1075 3220; x_wconf 85' lang='lat' dir='ltr'>decretae2</span> 
     </span>
     <span class='ocr_line' id='line_1_36' title="bbox 89 3238 1049 3321; baseline -0.001 -19"><span class='ocrx_word' id='word_1_278' title='bbox 89 3242 222 3320; x_wconf 81' lang='lat' dir='ltr'>legiones</span> <span class='ocrx_word' id='word_1_279' title='bbox 255 3247 285 3302; x_wconf 90' lang='lat' dir='ltr'>et</span> <span class='ocrx_word' id='word_1_280' title='bbox 314 3238 426 3300; x_wconf 88' lang='lat' dir='ltr'>socium</span> <span class='ocrx_word' id='word_1_281' title='bbox 453 3245 592 3317; x_wconf 89' lang='lat' dir='ltr'>quantum</span> <span class='ocrx_word' id='word_1_282' title='bbox 622 3243 694 3321; x_wconf 90' lang='lat' dir='ltr'>ipsis</span> <span class='ocrx_word' id='word_1_283' title='bbox 720 3240 869 3302; x_wconf 85' lang='lat' dir='ltr'>rideretur</span> <span class='ocrx_word' id='word_1_284' title='bbox 894 3249 923 3303; x_wconf 88' lang='lat' dir='ltr'>et</span> <span class='ocrx_word' id='word_1_285' title='bbox 950 3241 1049 3304; x_wconf 76' lang='lat' dir='ltr'>classis</span> 
     </span>
     <span class='ocr_line' id='line_1_37' title="bbox 91 3323 1076 3404; baseline 0 -20"><span class='ocrx_word' id='word_1_286' title='bbox 91 3332 198 3404; x_wconf 89' lang='lat' dir='ltr'>quanta</span> <span class='ocrx_word' id='word_1_287' title='bbox 214 3324 316 3404; x_wconf 92' lang='lat' dir='ltr'>parari</span> <span class='ocrx_word' id='word_1_288' title='bbox 330 3331 439 3402; x_wconf 88' lang='lat' dir='ltr'>posset.</span> <span class='ocrx_word' id='word_1_289' title='bbox 471 3329 607 3401; x_wconf 89' lang='lat' dir='ltr'>quattuor</span> <span class='ocrx_word' id='word_1_290' title='bbox 623 3333 654 3385; x_wconf 94' lang='lat' dir='ltr'>et</span> <span class='ocrx_word' id='word_1_291' title='bbox 672 3325 775 3402; x_wconf 87' lang='lat' dir='ltr'>viginti</span> <span class='ocrx_word' id='word_1_292' title='bbox 795 3323 927 3402; x_wconf 91' lang='lat' dir='ltr'>pediturn</span> <span class='ocrx_word' id='word_1_293' title='bbox 942 3326 1076 3387; x_wconf 74' lang='lat' dir='ltr'>Roma-a</span> 
     </span>
     <span class='ocr_line' id='line_1_38' title="bbox 92 3405 1048 3488; baseline 0.003 -21"><span class='ocrx_word' id='word_1_294' title='bbox 92 3424 196 3469; x_wconf 93' lang='lat' dir='ltr'>norum</span> <span class='ocrx_word' id='word_1_295' title='bbox 212 3408 293 3470; x_wconf 85' lang='lat' dir='ltr'>milia</span> <span class='ocrx_word' id='word_1_296' title='bbox 308 3408 417 3487; x_wconf 88' lang='lat' dir='ltr'>scripta</span> <span class='ocrx_word' id='word_1_297' title='bbox 433 3412 463 3467; x_wconf 91' lang='lat' dir='ltr'>et</span> <span class='ocrx_word' id='word_1_298' title='bbox 477 3405 558 3467; x_wconf 89' lang='lat' dir='ltr'>mille</span> <span class='ocrx_word' id='word_1_299' title='bbox 574 3409 735 3486; x_wconf 90' lang='lat' dir='ltr'>octingenti</span> <span class='ocrx_word' id='word_1_300' title='bbox 752 3409 881 3488; x_wconf 89' lang='lat' dir='ltr'>equites,</span> <span class='ocrx_word' id='word_1_301' title='bbox 903 3409 1048 3471; x_wconf 87' lang='lat' dir='ltr'>sociorum</span> 
     </span>
     <span class='ocr_line' id='line_1_39' title="bbox 90 3489 1049 3573; baseline 0.003 -21"><span class='ocrx_word' id='word_1_302' title='bbox 90 3491 283 3571; x_wconf 87' lang='lat' dir='ltr'>quadraginta</span> <span class='ocrx_word' id='word_1_303' title='bbox 299 3489 379 3552; x_wconf 89' lang='lat' dir='ltr'>milia</span> <span class='ocrx_word' id='word_1_304' title='bbox 390 3491 537 3571; x_wconf 88' lang='lat' dir='ltr'>peditum.</span> <span class='ocrx_word' id='word_1_305' title='bbox 555 3498 692 3559; x_wconf 82' lang='lat' dir='ltr'>quattuor</span> <span class='ocrx_word' id='word_1_306' title='bbox 708 3490 786 3554; x_wconf 89' lang='lat' dir='ltr'>milia</span> <span class='ocrx_word' id='word_1_307' title='bbox 803 3499 832 3553; x_wconf 89' lang='lat' dir='ltr'>et</span> <span class='ocrx_word' id='word_1_308' title='bbox 844 3493 1049 3573; x_wconf 86' lang='lat' dir='ltr'>quadringenti</span> 
     </span>
    </p>
   </div>
   <div class='ocr_carea' id='block_1_4' title="bbox 0 0 1302 4067">
    <p class='ocr_par' dir='ltr' id='par_1_8' title="bbox 0 0 1302 4067">
     <span class='ocr_line' id='line_1_40' title="bbox 0 0 1302 4067; baseline 0 0"><span class='ocrx_word' id='word_1_309' title='bbox 0 0 1302 4067; x_wconf 95' lang='lat' dir='ltr'> </span> 
     </span>
    </p>
   </div>
  </div>
 </body>
</html>
