2575 4067
309 229 403 272 smne
414 203 477 273 xxi.
491 230 558 274 nnn.
570 218 615 272 40.
625 219 668 272 41.
682 210 722 293 [e.
734 213 769 277 0.
784 212 845 295 218]
999 218 1061 285 28¹1

90 395 192 460 quem
205 378 238 438 in
258 375 351 439 Gallia
371 395 488 439 meeum
510 375 612 448 habui,
634 378 866 458 supersedissem
886 379 966 461 loqui
982 381 1061 462 opud

90 479 164 525 ves:
196 459 265 540 quld
288 462 368 525 enlm
388 461 539 525 adhortari
558 461 690 525 referret
712 472 762 527 aut
785 480 836 523 eos
859 467 988 543 equites,
1009 468 1088 546 qnia

90 545 264 627 equitatum
275 544 404 608 hostium
420 544 458 609 ad
470 545 647 611 Rhodanum
657 546 766 610 llnmen
782 548 900 626 egregie
913 549 1059 621 vicissent,

90 637 147 692 aut
165 646 218 691 aas
233 627 378 707 legiones,
401 647 469 691 eum
484 629 591 709 quibus
611 629 774 709 fugientem
793 630 873 695 hune
892 632 990 711 ipsum
1005 631 1059 693 ho·

89 723 175 776 stem
192 719 312 774 seculus
326 712 542 777 contemtorem
558 713 690 779 dedentis
706 732 741 777 ao
756 714 947 777 detraetmtis
965 723 1060 777 oerta·

88 814 168 860 men
192 813 248 876 pro
269 797 390 859 victorie
411 795 518 864 habuli
548 813 642 868 nuno,
664 800 733 877 qula
754 797 804 860 ilie
824 799 986 870 exereitus,
1008 799 1088 862 lii-a

89 881 224 961 spaniae
237 881 407 958 provinelae
428 881 570 961 scriptus,
592 879 635 945 lbi
657 899 725 947 oum
744 882 838 945 iratre
851 883 904 946 (ln.
922 883 1060 962 Scipione

89 965 176 1026 mels
190 963 328 1043 ansoloils
340 981 406 1027 rem
417 965 508 1043 gerit,
523 964 575 1027 nbi
590 983 657 1027 eum
673 984 778 1045 gerere
788 973 906 1029 senatus
919 964 1059 1046 populus·

89 1066 156 1128 qne
173 1046 323 1110 Romanus
341 1045 447 1119 voluit,
472 1065 542 1127 ego,
566 1049 771 1113 utvoomnlem
793 1050 898 1113 durem
919 1050 1086 1114 adversust

89 1129 296 1193 Hannllsalem
311 1148 346 1193 ae
359 1131 476 1195 Poenos
490 1131 656 1204 haberetis,
670 1134 734 1214 ipse
748 1152 797 1197 me
813 1135 883 1197 huie
896 1133 1059 1196 voluntario

89 1216 256 1277 certamini
266 1213 372 1286 obtuli,
389 1233 466 1279 noro
476 1217 648 1297 imperatori
657 1216 736 1297 apud
747 1236 838 1280 noros
848 1216 955 1281 milites
965 1235 1060 1298 pauca

88 1297 190 1361 verba
204 1298 338 1361 laelenda
356 1307 434 1362 sunt
464 1318 503 1362 ne
524 1317 616 1379 genus
636 1300 707 1362 helii
721 1319 795 1363 neae
808 1302 923 1364 hostem
940 1302 1088 1379 ignore-o

88 1383 147 1455 tis,
175 1399 242 1443 oum
263 1383 299 1445 iie
321 1390 366 1444 est
393 1382 488 1455 vobim
515 1383 637 1456 milites,
658 1384 863 1464 pugnandum,
884 1404 958 1465 quos
977 1394 1059 1447 terra

88 1467 234 1546 marique
248 1467 348 1545 priore
364 1465 443 1530 bello
457 1469 580 1539 sinistis,
597 1486 614 1529 e
629 1468 736 1549 qulbus
750 1468 930 1548 stipendinm
945 1488 999 1549 per
1015 1470 1058 1531 ai·

89 1551 173 1630 giuti
194 1567 288 1612 annos
306 1552 458 1629 exegistis,
482 1550 624 1633 equibus
645 1560 731 1633 capta
755 1551 825 1615 belli
837 1555 969 1632 praemla
984 1553 1058 1615 Siei-

89 1635 168 1696 liam
183 1650 218 1694 ao
233 1633 398 1696 Sardiniam
417 1635 541 1698 habetis.
578 1637 634 1699 erit
654 1638 744 1716 igitur
763 1639 795 1699 ln
816 1637 875 1700 hoo
896 1632 1088 1700 oertemlneo

89 1720 115 1780 is
132 1715 221 1778 vobis
235 1716 351 1797 illisque
365 1721 493 1790 animm,
509 1721 561 1800 qui
575 1719 735 1783 victoribus
749 1727 780 1783 et
793 1722 877 1783 vietis
891 1738 956 1783 esee
973 1719 1058 1785 solet

92 1818 153 1862 nee
170 1817 250 1861 nune
261 1799 317 1872 illi,
334 1802 402 1881 quie
413 1802 536 1875 audent,
551 1804 604 1865 sed
614 1805 683 1883 quia
694 1821 814 1866 neeesse
826 1811 884 1875 est,
899 1805 1085 1883 pugnaturis

91 1892 182 1955 sunt,
198 1884 255 1946 niel
266 1884 386 1946 credide
433 1888 607 1959 nuexmeltn
618 1886 760 1949 ineolumi
770 1905 899 1966 pugnam
914 1886 1058 1951 detrecte-

90 1986 176 2040 vere,
192 1985 243 2029 eos
259 1967 372 2029 dnobus
408 1987 425 2030 e
506 1970 666 2050 speditnm
682 1971 870 2050 equitumque
887 1971 1059 2034 intransitu

91 2052 215 2133 lilpium
227 2052 356 2124 emissis,
372 2053 440 2132 qula
452 2052 552 2132 pluras
601 2051 691 2133 aene]
702 2053 846 2132 perierint
856 2071 943 2132 quam
955 2071 1058 2135 super·

91 2138 172 2207 sint,
198 2135 265 2216 plus
284 2137 348 2216 spei
368 2143 469 2197 neoloe
490 2153 564 2199 esse.
603 2144 633 2197 at
648 2137 727 2198 eninr
741 2137 828 2214 pauoi
848 2134 967 2216 quidem
981 2143 1088 2207 eunte

93 2220 151 2282 sed
167 2221 299 2298 rigentes
314 2220 420 2282 animis
434 2237 486 2282 eor
507 2219 681 2301 oriensque,
702 2236 827 2299 quorum
841 2218 951 2280 robora
966 2238 1000 2280 ao
1017 2221 1058 2280 vi·

94 2322 148 2365 res
167 2304 216 2363 vix
235 2305 381 2366 mrstlnere
396 2304 473 2365 risu
497 2321 514 2365 a
534 2305 636 2384 possit
667 2303 779 2381 efligies
798 2304 905 2377 immo,
933 2302 1085 2365 umbraeit
1166 2384 1167 2389 ἵ

94 2386 267 2459 hominum,
288 2387 365 2450 lame
380 2387 507 2467 frigore,
528 2387 637 2450 inluvie
657 2385 795 2467 squalore
814 2388 925 2457 enecti,
943 2388 1059 2449 contusi
1080 2398 1091 2408 “

96 2488 135 2532 ae
154 2468 295 2532 debilitati
314 2474 393 2534 inter
418 2490 486 2534 sexa
510 2489 675 2554 rupesque;
697 2470 734 2532 ad
748 2470 806 2535 hoe
823 2472 952 2551 praeusti
966 2479 1057 2541 artus,

96 2555 165 2616 nire
175 2555 305 2635 rigentes
319 2557 416 2627 nervi,
433 2555 567 2618 membre
576 2555 688 2619 torrida
703 2553 785 2635 gelu,
800 2563 936 2637 quassate
950 2556 1057 2619 innota·

96 2657 156 2719 qne
172 2657 270 2711 arma,
295 2636 392 2702 claudi
405 2658 440 2702 ao
459 2638 571 2703 debiles
587 2640 664 2722 eqni.
693 2658 760 2702 oum
774 2642 832 2702 hoo
847 2642 961 2720 equite,
987 2658 1055 2704 oum
1068 2646 1101 2698 lo

97 2721 156 2784 hoe
168 2723 267 2803 pedite
287 2726 446 2802 pugnatrni
469 2726 554 2795 estis,
578 2724 717 2804 reliquias
744 2732 890 2787 extremes
917 2725 1055 2795 hostium,

99 2822 161 2865 non
183 2805 300 2866 hostem
317 2805 473 2869 hahebitis
509 2825 544 2870 ae
558 2807 633 2868 nihil
651 2808 744 2885 magis
760 2824 879 2877 vereor,
907 2825 996 2885 qnam
1010 2824 1057 2877 ne,

98 2904 154 3029 :ll
167 2890 556 3044 demeriti&
563 2887 1099 3051 dimidium&

98 3052 170 3133 pulo
186 3052 256 3115 deos
270 3054 351 3131 ipsos
365 3055 429 3115 sine
443 3054 502 3117 nile
519 3057 648 3120 humane
667 3073 724 3135 ope
740 3055 924 3116 committere
939 3072 975 3117 ee
990 3072 1059 3137 prn-

96 3136 203 3218 fligere
224 3135 443 3209 bellum,.nos,
476 3141 527 3219 qui
542 3141 702 3202 seeundum
728 3139 798 3200 deos
823 3136 923 3199 violati
948 3155 1059 3212 sumus,

98 3224 339 3285 commissurum
355 3220 542 3303 profligatum
559 3224 737 3285 eonfioere.“

163 3306 236 3370 XLI.
264 3306 356 3379 „Non
371 3324 485 3380 vereor,
501 3308 618 3389 nequis
631 3325 681 3370 me
695 3306 769 3368 haee
782 3307 872 3368 vestri
884 3305 1086 3369 adhorteudll

97 3389 466 3539 telesillllll
474 3388 1088 3558 illiltllllrll'lllffle
