2575 4067
310 256 404 300 cissa
419 257 483 301 m.
496 256 565 300 cnr.
582 244 626 300 tis.
640 244 686 300 os.
702 235 743 319 [a.
756 239 791 302 0.
805 236 868 317 2181
1005 242 1065 308 ibi

107 406 270 485 ingenuum
280 404 424 466 infantem
431 411 603 467 semestrem
615 405 647 465 ln
662 405 727 466 iero
737 403 876 466 holitorio
886 404 1068 485 triumphum

109 489 267 562 clamasse,
282 496 312 549 et
325 488 390 550 loro
404 487 508 550 boario
522 487 628 549 bovem
642 490 674 549 In
685 489 802 550 tertiam
819 490 1095 569 contignationem
1111 528 1118 539 ,

109 590 162 633 sua
176 578 281 653 sponte
296 571 463 634 escendisse
475 579 562 653 atque
576 570 645 633 inde
657 570 784 635 tumultu
794 571 992 633 habitatorum
1007 582 1067 634 ter·

108 656 199 717 ritum
213 672 278 716 sese
290 655 440 727 deiecisse,
454 662 484 717 et
493 656 611 717 narium
622 656 751 737 speeiem
763 656 801 717 de
811 655 893 736 caelo
904 655 1096 727 adiulslsse,s
1214 718 1217 725 ,

109 747 140 800 et
155 739 259 800 aedem
273 739 356 820 Spei,
374 756 449 820 quae
464 745 509 801 ost
524 740 555 801 ln
570 740 636 800 loro
657 737 811 809 holitorio,
832 738 956 801 fulmine
969 740 1066 811 ictam,

109 830 141 885 et
154 822 266 884 Lanuvi
286 823 400 885 hastam
421 840 454 883 se
476 823 683 895 commovisse,
713 830 743 884 et
768 841 888 885 coruum
910 824 942 885 ln
964 823 1067 885 aedem

108 905 230 969 lunonis
243 905 393 969 devolasse
412 914 499 989 atque
518 907 550 968 ln
569 908 632 986 ipso
656 905 820 987 pulvinario
840 906 1022 978 consedisse,
1039 914 1095 968 ett

108 991 141 1051 In
158 1007 230 1069 agro
250 990 433 1051 Amiternlno
454 989 554 1052 miultis
574 990 649 1052 locis
671 991 825 1052 hominum
844 991 942 1071 specie
962 989 1066 1070 procul

109 1073 234 1135 candida
248 1081 328 1135 veste
344 1075 420 1136 risos
436 1091 493 1135 nee
507 1092 574 1136 eum
589 1072 649 1136 ullo
664 1091 852 1153 congressos,
868 1075 943 1136 etin
957 1074 1066 1136 Piceno

108 1156 254 1236 lapidibus
268 1155 409 1238 pluvisse,
428 1164 458 1219 et
469 1158 561 1220 Caere
575 1164 671 1219 sortes
684 1165 870 1230 extenuatas,
886 1159 959 1220 etin
974 1155 1066 1219 Galba

109 1239 212 1320 lupum
236 1240 317 1320 vigili
343 1239 472 1319 gladium
502 1241 664 1320 exregina
690 1249 807 1321 raptum
827 1239 990 1303 abstulisse.
1028 1240 1094 1302 obt

110 1330 210 1384 cetera
224 1324 357 1403 prodigia
378 1324 470 1386 libros
490 1324 572 1385 adire
592 1324 751 1386 decemviri
767 1326 852 1395 iussi;
875 1325 953 1404 quod
969 1332 1066 1386 autem

108 1406 255 1488 lapidibus
265 1406 406 1489 pluvisset
420 1409 451 1469 in
463 1406 586 1480 Piceno,
602 1407 785 1469 novemdiale
796 1426 913 1470 sacrum
928 1408 1064 1480 edictum,

109 1490 278 1567 etsubinde
292 1490 357 1553 allis
367 1492 561 1571 procurandis
571 1509 667 1572 prope
678 1498 738 1553 tota
751 1493 850 1553 civitas
865 1499 985 1571 operata
999 1491 1063 1552 luit

107 1576 167 1636 Iam
183 1576 311 1654 primum
320 1576 452 1636 omnium
464 1575 536 1636 urbs
546 1574 669 1638 lustrata
683 1584 736 1655 est,
751 1576 923 1657 hostiaeque
938 1576 1093 1637 malores⁷
1190 1650 1191 1653 Ἴ

108 1657 214 1739 quibus
237 1658 347 1721 editum
368 1667 414 1720 est
433 1658 489 1721 diis
510 1676 626 1731 caesae,
652 1668 683 1722 et
700 1658 811 1721 donum
832 1678 868 1721 ex
887 1661 952 1721 auri
965 1658 1093 1740 pondos

108 1740 302 1821 quadraginta
317 1742 478 1805 Lanuvium
491 1740 549 1824 [et]
563 1743 669 1805 Iunoni
679 1753 828 1823 portatum
839 1751 895 1816 est,
908 1750 938 1804 et
948 1745 1065 1824 signum

108 1842 237 1886 aeneum
262 1832 413 1887 matronae
435 1826 541 1887 lunoni
568 1828 599 1887 in
616 1827 759 1888 Aventino
782 1827 1005 1898 dedicaverunt,
1036 1834 1066 1888 et

109 1906 321 1971 lectisternium
338 1911 442 1981 Caere,
458 1909 509 1971 ubi
522 1917 617 1971 sortes
632 1910 805 1972 adtenuatae
820 1918 919 1981 erant,
935 1913 1064 1990 Impera·

108 1999 186 2062 tum,
203 2000 232 2054 et
247 1992 419 2074 supplicatio
434 1993 581 2055 Fortunae
595 1994 627 2054 in
639 1992 757 2071 Algido;
774 1992 885 2055 Romae
903 2012 1020 2074 quoque
1036 2001 1093 2056 ets

108 2074 322 2138 lectisternium
344 2077 501 2148 Iuventati,
526 2085 556 2138 et
568 2075 742 2157 supplicatio
757 2076 794 2137 ad
812 2075 915 2137 aedem
929 2077 1064 2138 Hercuhs

107 2160 296 2233 nomInatlm,
314 2159 420 2222 delnde
434 2162 571 2223 universo
582 2159 692 2241 populo
703 2160 783 2221 circa
793 2159 892 2220 omnia
903 2158 1064 2238 pulvinaria

107 2244 227 2317 iodIcta,
236 2254 265 2306 ct
271 2245 364 2307 Genio
370 2245 498 2306 nidores
504 2245 617 2305 hostiae
624 2260 727 2305 caesae
734 2244 916 2323 quinque,et
922 2243 953 2303 C.
960 2241 1064 2303 Atilius
1074 2249 1106 2302 to

108 2327 254 2389 Serranus
264 2335 384 2409 praetor
396 2336 461 2390 rota
476 2329 626 2408 suscipere
642 2328 753 2397 iussus,
768 2327 794 2386 si
809 2326 839 2385 ln
854 2325 957 2386 decem
971 2341 1064 2386 annos

106 2429 156 2472 res
167 2411 621 2491 publicaeodemstetissetstatu.
639 2410 714 2472 haec
730 2417 887 2491 procurata
894 2416 1017 2488 votaque
1029 2416 1102 2470 exii

107 2493 191 2557 libris
199 2494 350 2576 SIbpllinls
356 2513 463 2575 magna
474 2515 510 2558 ex
516 2504 601 2576 parte
607 2494 776 2556 levaverant
790 2491 1062 2571 religioneanlmos.

170 2580 269 2642 LXIII.
303 2580 461 2642 Consanum
483 2580 703 2660 designatorum
726 2575 800 2640 alter
813 2575 988 2648 Flaminius,
1015 2578 1088 2639 cuit

106 2681 159 2725 eae
172 2663 313 2743 legiones,
325 2682 400 2744 quae
406 2663 572 2726 Placentiae
583 2661 792 2733 hibernabant,
806 2670 886 2724 sorte
894 2668 1061 2731 evenerant,

106 2748 234 2808 edietum
251 2755 280 2808 et
292 2742 405 2809 litteras
424 2748 461 2808 ad
477 2747 626 2810 consulem
642 2748 735 2819 misit,
759 2754 792 2809 ut
805 2748 832 2808 is
846 2748 993 2808 exercitus
1008 2745 1061 2806 idi·

105 2829 162 2890 bus
176 2830 288 2889 Martils
304 2830 429 2891 nrtmtnt
448 2831 564 2893 adesset
583 2833 615 2891 in
636 2831 751 2891 castris.
788 2829 838 2890 hlo
862 2831 892 2890 in
913 2828 1091 2909 provinelat

107 2910 292 2972 consulatum
306 2912 383 2973 lnire
398 2914 552 2977 consIlium
564 2921 628 2975 erat
642 2913 769 2973 memori
779 2920 911 2972 veterum
926 2911 1062 2971 certami-

106 3011 179 3054 num
192 3011 259 3054 cum
279 2994 428 3073 patribus,
492 3016 526 3059 ao
546 2996 683 3059 tribunus
702 2993 798 3075 plebis
818 3001 847 3054 et
867 3011 942 3073 quae
961 2999 1064 3073 postea

106 3075 208 3138 consul
219 3077 303 3158 prius
319 3077 438 3139 decons
470 3088 526 3152 atu,
543 3083 593 3160 qui
606 3078 817 3158 abrogabatur,
831 3076 899 3138 dein
911 3076 947 3138 de
959 3077 1062 3137 trium·

104 3162 165 3243 pho
190 3161 347 3233 habuerat,
371 3162 482 3223 invisus
504 3166 591 3225 etiam
611 3163 745 3242 patribus
767 3160 805 3224 ob
828 3179 933 3222 novam
956 3160 1090 3239 Iegemi

104 3263 192 3327 mam
208 3245 242 3318 Q.
260 3245 397 3309 ClaudIns
412 3244 655 3327 tribunusplebis
669 3245 809 3308 adversus
826 3252 961 3306 senonim
977 3253 1063 3324 atque

104 3347 163 3391 uno
174 3338 292 3410 patrum
304 3329 457 3392 adiuvante
473 3333 504 3393 C.
519 3330 664 3393 I‘Iaminio
674 3328 797 3400 tulerat,
810 3347 850 3390 ne
864 3331 929 3409 quis
944 3337 1063 3391 senator

104 3414 186 3474 cuiue
201 3423 320 3477 senator
337 3421 422 3495 pater
443 3414 546 3477 luisset
565 3415 743 3476 maritimam
763 3432 882 3485 navem,
904 3432 980 3494 quae
997 3412 1062 3492 plus

104 3513 193 3577 mam
212 3507 412 3562 trecentarum
438 3500 647 3581 amphorarum
666 3506 745 3562 esset
786 3497 920 3560 haberet.
943 3498 974 3558 ld
993 3498 1091 3559 eadsi

144 3611 170 3647 r,
183 3611 246 3649 uvr
258 3613 327 3651 sens
340 3614 373 3650 11.
387 3603 389 3607 ’
812 3590 850 3650 17
