2575 4067
312 219 403 260 umus
419 219 495 260 xxrr.
511 218 579 260 our.
596 207 638 262 24.
657 196 697 280 [e.
714 199 749 262 0.
766 199 828 282 217]
988 201 1050 268 283

70 383 158 430 tune
180 367 327 428 exercitus
349 366 381 424 iu
408 382 479 442 agro
494 364 624 425 Larinati
644 373 726 434 erat;
751 376 887 445 praeerat
905 368 1050 428 Minucius

72 452 230 529 magister
242 451 372 530 equitum
385 446 528 526 proiecto,
548 448 624 509 sicut
633 456 701 510 aute
711 448 819 511 dictum
832 457 885 520 est,
898 450 933 511 ad
944 450 1049 511 urbem

75 536 242 596 dictatore.
268 542 399 594 ceterum
416 537 525 602 castra,
541 549 617 611 quae
630 533 662 592 iu
677 542 778 594 moute
789 532 847 594 alto
859 552 894 595 ao
908 541 970 594 tuto
983 532 1075 593 locon

75 619 184 699 posita
199 618 329 687 fueraut,
344 617 403 675 iam
417 615 448 674 iu
466 613 584 692 planum
601 614 790 686 deteruntur;
807 616 1050 695 agitabanturque

76 720 141 782 pro
158 702 282 779 ingenio
295 700 377 761 ducis
389 697 509 760 consilis
525 697 678 769 calidiora,
696 708 728 761 ut
738 702 865 780 impetus
880 709 931 762 aut
940 703 972 760 iu
986 699 1050 760 iru-

77 793 271 846 mentatores
287 782 400 860 palatos
416 790 466 843 aut
480 783 511 843 in
524 792 618 843 eastra
633 783 734 845 relicta
750 802 816 846 cum
832 783 888 844 levi
903 782 1050 863 praesidio

78 869 184 929 tieret.
219 886 275 929 nec
294 865 488 928 Hannibalem
509 865 613 927 ielellit
635 885 704 929 oum
725 867 799 928 duce
822 875 964 929 mutatam
986 873 1077 928 esset

80 951 159 1013 belli
176 954 320 1013 rationem
337 958 366 1012 et
380 950 507 1011 ferocius
522 969 609 1029 quam
622 946 784 1012 consultius
799 969 863 1012 rem
884 952 984 1015 hostes
999 968 1049 1029 ge·

82 1045 198 1097 sturos.
228 1037 291 1114 ipse
307 1041 418 1104 autem,
436 1033 514 1113 quod
529 1035 650 1095 minime
665 1036 730 1114 quis
745 1035 895 1104 crederet,
913 1053 981 1095 oum
995 1033 1076 1094 ho-4

83 1121 141 1180 stis
158 1120 281 1199 propius
303 1126 394 1189 esset,
419 1118 535 1178 tertiam
555 1126 669 1198 partem
689 1117 815 1181 militum
839 1119 1050 1180 frumentatum

85 1201 205 1264 duabus
220 1204 250 1263 iu
267 1203 370 1263 castris
383 1202 506 1262 retentis
518 1200 641 1270 dimisit;
659 1203 727 1263 dein
739 1211 834 1264 castra
850 1204 912 1281 ipsa
928 1203 1077 1282 propiunt

85 1287 206 1348 bostem
226 1288 315 1347 movit
335 1285 393 1346 duo
421 1285 514 1345 lerme
537 1302 553 1345 a
574 1286 720 1349 Gereonio
748 1286 827 1347 milia
851 1289 882 1347 iu
903 1284 1049 1347 tumulum

86 1371 168 1430 hosti
180 1377 378 1448 conspectum,
391 1379 424 1429 ut
433 1370 578 1430 intentum
591 1371 752 1430 seiretesse
763 1369 799 1430 ad
811 1370 1048 1439 frumentatores,

87 1454 114 1514 si
129 1455 245 1533 quavis
262 1455 362 1522 tieret,
379 1451 525 1514 tutandos.
554 1455 676 1533 propior
690 1452 760 1514 iude
775 1454 802 1514 ei
816 1461 903 1533 atque
918 1453 989 1532 ipsis
1004 1453 1077 1512 imo

87 1539 206 1599 mineus
233 1535 434 1598 Romanorum
454 1537 558 1597 castris
577 1535 707 1598 tumulus
729 1539 883 1616 apparuit;
903 1537 940 1598 ad
961 1553 1049 1615 quem

90 1620 282 1700 capiendum,
298 1621 323 1682 si
337 1618 403 1681 luce
417 1619 513 1699 palam
527 1622 635 1693 iretur,
658 1623 726 1699 quia
747 1620 825 1681 haud
846 1620 935 1682 dubie
957 1620 1050 1680 hostis

90 1704 227 1766 breuiore
241 1704 286 1763 ria
299 1711 511 1783 praeventurus
528 1712 604 1775 erat,
621 1714 708 1767 noete
724 1704 799 1766 clam
812 1705 895 1765 missi
906 1702 1049 1764 Numidae

92 1795 245 1866 ceperunt.
278 1805 351 1864 quos
371 1788 499 1849 tenentis
517 1787 614 1849 locum
635 1795 804 1867 contempta
820 1788 968 1867 paucitate
989 1786 1071 1848 lio-0

93 1872 172 1935 mani
191 1879 309 1949 postero
325 1870 373 1932 die
389 1888 456 1931 cum
472 1870 660 1940 deiecissent,
681 1873 738 1949 ipsi
753 1889 789 1931 eo
803 1871 986 1932 transierunt
999 1887 1048 1930 ea·

92 1964 161 2016 stra.
198 1963 261 2016 tum
275 1956 376 2033 utique
387 1956 524 2032 exiguum
538 1954 622 2033 spatii
636 1952 743 2014 vallum
760 1972 776 2013 a
792 1952 867 2014 vallo
883 1954 999 2023 aberat,
1018 1958 1077 2012 eti

92 2039 123 2100 id
144 2040 239 2118 ipsum
258 2047 352 2100 toturn
377 2056 471 2118 prope
494 2036 682 2116 conpleverat
697 2037 829 2098 Romana
843 2037 938 2105 acies,
960 2034 1048 2097 simul

94 2132 123 2183 et
135 2142 188 2202 per
200 2141 301 2185 aversa
317 2130 412 2184 eastra
429 2123 464 2160 ⁴¹*
479 2139 496 2182 e
510 2121 613 2182 castris
630 2118 802 2180 Hannibalis
817 2120 961 2198 equitatus
981 2135 1048 2178 eum

95 2207 301 2270 leviarmatura
313 2209 436 2268 emissus
448 2208 479 2266 iu
490 2205 720 2266 frumentatores
730 2201 788 2264 late
800 2201 921 2264 caedem
935 2201 1048 2277 lugam·

97 2310 150 2370 que
172 2292 298 2353 bostium
319 2290 483 2370 palatorum
504 2290 583 2350 iecit.
614 2305 671 2347 nec
690 2287 753 2348 acie
772 2295 888 2347 certare
901 2280 1076 2346 Hannibale

95 2391 192 2444 ausus,
206 2377 273 2456 qula
283 2383 364 2437 tauta
374 2375 520 2453 paucitate
527 2373 573 2433 vix
580 2380 690 2441 castra,
703 2372 728 2432 si
739 2377 990 2450 oppugnarentur,
1003 2373 1048 2426 tu·

96 2459 150 2520 tari
163 2466 285 2538 poterat,
312 2460 428 2539 iamque
443 2457 555 2520 artibus
564 2455 648 2517 Fabii
658 2489 700 2500 -
711 2472 780 2533 pars
790 2454 935 2514 exercitus
946 2449 1048 2513 aberat
1059 2452 1090 2506 lo

96 2544 151 2604 iam
162 2541 238 2603 lame
249 2545 335 2589 **-
345 2543 474 2604 sedendo
482 2549 512 2603 et
522 2538 687 2602 cunctando
699 2536 808 2599 bellum
819 2534 953 2616 gerebat,
966 2552 1048 2596 rece·

96 2633 232 2706 peratque
243 2645 312 2688 suos
320 2630 351 2688 in
363 2628 464 2707 priora
475 2632 583 2696 castra,
600 2640 675 2704 quae
686 2640 741 2702 pro
753 2621 880 2682 Gereoni
893 2618 1048 2682 moenibus

98 2720 185 2770 eraut.
215 2712 291 2771 iusta
307 2730 424 2791 quoque
439 2710 500 2772 acie
515 2717 545 2770 et
559 2707 682 2770 conlatis
696 2707 787 2785 siguis
802 2704 971 2766 dimicatum
982 2704 1046 2783 qui-
1059 2707 1088 2759 11

98 2793 161 2852 dam
173 2802 306 2853 auctores
318 2803 400 2855 suut:
412 2796 509 2873 primo
521 2809 668 2853 concursu
674 2791 806 2851 Poenum
811 2807 904 2867 usque
909 2788 947 2848 ad
953 2793 1049 2847 castra

99 2875 204 2941 tusum,
225 2875 294 2935 inde
316 2879 469 2955 eruptione
485 2878 561 2937 iacta
582 2882 705 2952 repente
720 2889 836 2932 versum
850 2879 998 2930 terrorem
1017 2871 1050 2927 in

100 2957 248 3026 Romanos,
261 2957 393 3019 Numenii
402 2953 1049 3028 DecimiiSamnitisdeindeluterventuproe·

100 3040 164 3100 lium
183 3042 359 3103 restitutum.
394 3043 473 3102 buno
492 3042 656 3119 principem
677 3054 789 3116 genere
811 3053 845 3097 ac
862 3034 970 3095 divitiis
989 3050 1049 3093 nou
1060 3039 1091 3088 12

101 3124 212 3186 Boviani
229 3125 330 3195 modo,
347 3125 425 3186 uude
440 3133 515 3193 erat,
533 3123 585 3183 sed
600 3130 662 3183 toto
680 3121 815 3189 Samnio,
832 3120 912 3180 iussu
928 3116 1050 3179 dictato·

101 3211 138 3268 ris
148 3217 211 3270 octo
223 3207 303 3270 milia
317 3209 448 3289 peditum
462 3216 491 3268 et
503 3208 615 3286 equites
626 3206 803 3284 quingentos
814 3202 1009 3263 adducentem
1019 3200 1050 3260 iu

102 3301 201 3366 castra,
217 3293 253 3354 ab
270 3300 353 3374 tergo
366 3311 433 3354 cum
449 3291 632 3370 apparuisset
642 3285 815 3356 Hannibali,
831 3286 960 3364 speciem
975 3284 1051 3362 parti

102 3381 208 3458 utrique
222 3378 394 3458 praebuisse
415 3379 483 3438 nori
502 3373 640 3456 praesidii
660 3390 727 3432 cum
746 3369 780 3440 Q.
799 3368 890 3430 Fabio
906 3368 941 3429 ab
959 3368 1050 3429 Roma

103 3462 243 3524 venerius.
270 3461 465 3524 Hannibalem
483 3459 654 3521 insidiarum
674 3472 791 3535 quoque
813 3451 921 3529 aliquid
942 3453 1048 3513 timeu-
1060 3454 1093 3509 tt
