2575 4067
301 185 393 226 crasa
407 185 482 225 xxu.
500 181 568 224 oar.
584 171 626 223 oi.
642 169 685 219 52.
703 160 742 242 [a.
760 164 793 224 O.
813 163 874 244 216]
996 169 1055 229 ³⁰7

163 334 285 395 Postero
311 331 357 391 die
378 330 428 390 ubi
454 333 581 409 primum
607 331 725 398 inluxit,
753 331 788 391 ad
815 330 906 412 spolia
933 331 1083 411 legendas

102 417 276 496 ioedamque
292 417 379 476 etiam
400 414 532 474 hostibus
552 416 741 493 spectandam
763 423 890 491 stragem
911 416 1056 477 insistunt.

102 500 238 562 iacebant
251 508 295 560 tot
309 499 509 559 Romanorum
522 497 616 568 milia,
633 499 746 579 pedites
757 499 866 576 passim
878 500 1055 577 equitesque,
1068 504 1085 554 o

103 593 236 664 atquem
256 584 361 661 cuique
377 582 438 641 lors
453 589 502 641 aut
522 599 620 660 pugna
633 584 770 643 iunxerat
790 590 840 642 aut
860 581 938 659 inge.
955 582 1056 642 adsur-

103 670 197 747 gentis
213 666 331 746 quidam
343 683 379 724 ex
390 671 487 742 strage
501 664 595 725 media
612 667 741 731 cruenti.
757 683 831 744 quos
847 665 946 725 stricta
964 673 1057 725 matu·

101 754 164 812 tino
180 751 291 826 frigore
309 747 506 808 eicitavcrant
520 747 652 817 vulnera,
677 749 713 809 ab
730 750 813 809 hoste
831 749 964 828 oppressi
981 756 1058 808 sunt.

103 834 243 913 quosdam
257 840 285 893 et
303 832 424 891 iacentis
435 832 513 892 vivos
530 834 654 892 succisis
668 831 824 893 feminibus
842 830 1084 910 poplitibusque?

102 920 292 985 invenerunt,
315 913 451 975 nudantis
473 915 617 975 cervicem
641 915 832 994 iugulumque
859 924 888 976 et
913 914 1057 994 reliquum

103 1000 276 1077 sanguinem
290 997 424 1059 iubentes
443 998 571 1058 haurire.
607 1000 717 1059 inventi
738 998 855 1077 quidam
873 1005 940 1060 sunt
954 998 1086 1058 mersiss

103 1084 134 1142 in
146 1082 280 1142 eliossam
296 1093 405 1141 terram
421 1081 575 1160 capitibus,
594 1099 668 1162 quos
681 1081 737 1142 sibi
751 1083 831 1161 ipsos
842 1083 946 1143 iecisse
961 1081 1058 1141 foveas

105 1166 314 1244 obruentisque
337 1182 389 1224 ora
410 1167 574 1243 superiecta
593 1165 684 1226 humo
702 1165 902 1227 interclusisse
923 1166 1058 1245 spiritum

104 1248 272 1328 apparebat.
307 1249 464 1327 praecipue
482 1249 625 1309 convertit
641 1265 744 1309 omnes
755 1247 919 1310 substratus
935 1248 1086 1309 Numidae

104 1343 220 1393 mortuo
238 1330 478 1411 superincubanti
491 1333 623 1393 Romano
637 1332 719 1392 vivus
734 1350 806 1393 naso
821 1332 998 1411 auribusque
1018 1331 1058 1390 la-

104 1418 306 1484 coraustum
322 1412 457 1475 manibus
476 1415 512 1474 ad
532 1414 706 1493 capiendum
726 1414 818 1476 telum
839 1414 1004 1496 inutilibus,
1028 1415 1059 1472 ln

105 1500 216 1559 rabiem
232 1501 278 1559 ira
293 1516 394 1567 versa,
410 1496 546 1559 laniando
562 1497 698 1558 dentibus
712 1499 827 1560 bostem
846 1500 1014 1577 expirasset.

167 1583 226 1643 Lll.
257 1581 364 1660 Spoliis
386 1580 421 1641 ad
445 1581 568 1643 multum
591 1581 649 1643 diei
674 1582 758 1643 lectis
777 1580 923 1642 Hannibal
948 1582 984 1641 ad
1004 1583 1084 1642 mit

104 1683 177 1726 nora
189 1665 268 1726 ducit
283 1672 377 1726 castra
386 1665 595 1744 oppugnanda,
615 1673 644 1725 et
656 1667 787 1726 omnium
798 1668 926 1746 primum
938 1665 1059 1726 brachio

105 1748 220 1809 obiecto
238 1748 357 1809 llumine
373 1766 424 1807 eos
439 1748 574 1808 excludit.
604 1756 736 1809 ceterum
753 1748 789 1809 ab
807 1749 944 1811 omnibus
960 1749 1088 1809 laboret

107 1831 211 1910 uigiliis
225 1830 395 1892 vulneribus
412 1832 499 1890 ctiam
519 1831 603 1889 fessis
617 1834 761 1892 maturior
775 1834 866 1911 ipsius
883 1851 935 1912 spe
950 1833 1059 1893 deditio

109 1924 154 1975 est
164 1915 250 1977 iacta.
277 1916 369 1993 pacti,
387 1922 418 1972 ut
432 1930 513 1972 arma
529 1919 615 1991 atque
631 1932 721 1993 equos
737 1915 901 1984 traderent,
920 1918 949 1975 iu
965 1918 1087 1994 capitae

104 2000 236 2059 Romana
253 1998 379 2057 trecenis
398 1997 526 2056 nummis
547 1995 742 2074 quadrigatis,
764 1998 795 2057 in
810 2001 905 2058 socios
929 1999 1057 2068 ducenis,

104 2084 136 2142 in
150 2099 250 2141 servos
267 2080 412 2148 centenis,
435 2086 463 2138 et
484 2088 567 2138 uteo
583 2080 678 2157 pretio
692 2079 842 2157 persoluto
857 2098 924 2140 cum
940 2080 1060 2158 siugulis

105 2165 221 2225 abirent
235 2165 429 2233 vestimentis,
444 2164 475 2221 in
486 2168 580 2222 castra
592 2162 685 2222 hostis
696 2170 888 2241 acceperuut,
904 2162 1059 2242 traditique

105 2250 137 2307 in
155 2245 315 2306 custodiam
337 2263 439 2306 omnes
460 2253 540 2314 suut,
562 2262 694 2305 seorsum
717 2247 794 2305 cives
813 2247 953 2324 sociique.
992 2245 1088 2306 duma

106 2330 148 2389 ibi
161 2338 275 2407 tempus
290 2329 409 2398 teritur,
432 2330 544 2389 interea
559 2345 625 2388 cum
642 2346 678 2390 ex
693 2329 853 2390 maioribus
869 2330 981 2399 castris,
996 2330 1055 2407 qul·

106 2413 161 2473 bus
176 2413 245 2472 satis
259 2413 363 2471 virium
379 2420 409 2471 et
424 2412 514 2472 animi
528 2412 595 2482 luit,
610 2412 648 2473 ad
662 2418 799 2491 quattuor
814 2411 893 2473 milla
907 2412 1059 2473 hominum

106 2505 135 2557 et
147 2496 264 2556 ducenti
277 2496 400 2574 equites,
414 2494 463 2556 alil
474 2497 604 2573 agmine,
620 2494 670 2555 alii
680 2494 769 2574 palati
778 2498 886 2574 passim
899 2514 953 2576 per
965 2513 1058 2574 agros,

13 2649 16 2652 ,
106 2580 183 2659 quod
205 2579 283 2639 haud
310 2579 407 2640 minus
431 2585 527 2639 tutum
557 2587 632 2650 erat,
666 2579 822 2640 Canusium
854 2580 1059 2659 perfugissent,

106 2674 202 2723 castra
216 2665 279 2741 ipsa
300 2661 336 2722 ab
357 2665 463 2723 sauciis
486 2663 651 2743 timidisque
668 2663 769 2725 eadem
788 2663 975 2734 condicione,
1003 2682 1060 2743 qua

106 2745 211 2815 altera,
228 2739 334 2806 tradita
353 2747 439 2806 bosti.
469 2746 578 2823 praeda
597 2748 701 2824 ingens
718 2758 802 2827 parta
818 2757 875 2817 est,
901 2756 929 2807 et
942 2753 1088 2824 praetera

107 2845 197 2904 equos
217 2831 354 2905 virosque
375 2839 403 2887 et
424 2834 449 2888 sl
464 2829 534 2908 quld
555 2834 669 2905 argenti
688 2865 725 2874 -
748 2830 825 2909 quod
849 2829 1007 2907 plurimum
1029 2831 1060 2887 iu

106 2908 235 2989 phaleris
256 2927 399 2988 equorum
421 2921 497 2978 erat,
520 2929 588 2970 uam
605 2910 641 2970 ad
663 2913 840 2972 vescendum
856 2911 932 2971 lacto
946 2912 1061 2990 perexi-

106 3013 180 3074 guo,
200 2996 300 3073 utique
314 2992 485 3063 militantes,
504 2993 661 3054 utebantur
678 3029 718 3039 —
733 2995 828 3055 omnis
840 3000 936 3053 cetera
951 2993 1060 3074 praeda

107 3077 271 3155 diripienda
283 3077 349 3138 data
362 3084 415 3136 est.
439 3084 501 3137 turn
513 3077 674 3156 sepeliendi
688 3095 774 3140 causa
786 3077 915 3138 conlerri
928 3079 960 3137 in
972 3084 1088 3137 nnuma

108 3180 233 3241 corpora
251 3178 372 3221 suorum
389 3160 481 3220 iussit.
513 3160 550 3219 ad
567 3170 632 3221 octo
650 3160 729 3221 milia
745 3162 835 3222 luisse
851 3160 986 3221 dicuutur
1002 3160 1061 3219 lor·

107 3247 286 3306 tissimorurn
302 3245 441 3305 virorum.
473 3242 622 3303 consulem
634 3263 750 3323 quoque
761 3246 925 3305 Romanum
941 3244 1061 3321 conqui-

106 3334 195 3389 situm
210 3328 414 3407 sepultumque
429 3326 546 3406 quidam
562 3334 696 3388 auctores
711 3337 787 3389 suut.

168 3412 240 3480 Eos,
257 3414 305 3491 qui
324 3411 479 3473 Canusium
496 3410 701 3489 perfugerant,
716 3412 823 3472 mulier
837 3410 929 3490 Apula
945 3412 1089 3471 nominet

793 3498 856 3558 20*
