2575 4067
289 253 381 296 arsen
397 254 486 295 mn.
505 253 573 295 oar.
589 242 614 293 7.
632 239 658 292 8.
677 231 716 314 [e.
733 234 767 296 O.
783 237 844 316 tib]
983 240 1044 304 325

84 413 220 482 exempta
239 402 384 472 referens,
403 403 514 481 primo,
528 411 574 462 'ne
588 401 772 480 reciperetur
785 401 980 479 praesidium,
994 422 1044 484 pa·

84 486 144 547 iam
157 485 330 547 vociferatus
341 492 397 557 est,
414 485 533 556 deinde,
553 492 585 546 ut
596 490 749 565 receptum
761 490 810 545 aut
825 485 970 548 eiceretur
985 494 1072 559 aute

83 572 110 630 si
120 567 228 632 malum
244 570 365 640 lacinus,
378 569 456 650 qnod
468 588 485 631 a
497 570 699 631 vetustissimis
708 569 796 631 sociis
806 571 1043 648 consanguineis·

82 671 142 735 que
156 654 346 725 defecissent,
363 653 432 715 iorti
448 671 482 715 ac
496 652 682 715 memorabili
696 652 828 715 facinore
842 671 971 733 purgare
985 653 1043 714 vel·

82 738 158 809 ient,
180 745 212 800 ut
231 739 387 800 interiecto
404 737 516 800 Punlco
537 737 685 818 praesidio
700 738 891 800 restituerent
904 737 1044 799 Romanis

81 841 125 885 se.
158 822 289 884 haec-
312 840 367 883 nec
388 824 466 883 euim
486 821 601 884 occulta
621 821 784 902 agebantur
802 855 845 868 -
865 840 933 883 cum
954 821 1072 884 relatat
1132 899 1136 904 .

81 904 239 968 Hannibali
262 913 374 978 essent,
401 908 497 987 primo
518 907 610 979 misit,
631 907 682 987 qul
704 913 844 968 vocarent
858 906 986 984 blagium
1007 906 1043 967 ad

81 1008 148 1051 sese
160 991 192 1050 in
204 996 313 1059 castra;
331 990 446 1060 deinde,
463 1009 531 1052 cum
542 992 567 1051 is
579 991 718 1052 ferociter
729 998 865 1070 negasset
880 1008 912 1052 se
924 991 1042 1058 iturum,

81 1092 139 1135 nec
156 1074 235 1135 enim
252 1072 409 1136 Hannibali
424 1075 469 1136 ius
491 1092 555 1136 esse
574 1077 606 1136 in
629 1075 722 1136 cirern
737 1076 927 1154 Campanum,
944 1074 1043 1134 conci·

81 1164 160 1219 tatus
170 1158 215 1222 ira
226 1157 343 1219 Poenus
354 1158 557 1238 conprehendi
568 1158 718 1220 hominem
732 1159 918 1238 vinctumque
928 1156 1045 1221 adtrahi

79 1242 118 1303 ad
134 1260 199 1303 sese
214 1242 306 1303 iussit.
337 1242 446 1303 veritus
461 1242 580 1313 deinde,
599 1261 637 1303 ne
652 1241 722 1323 quid
737 1243 816 1303 inter
831 1242 888 1302 vim
904 1239 1073 1303 tumultust

79 1334 169 1407 atque
185 1344 221 1388 ex
236 1326 431 1387 concitatione
443 1328 608 1387 animorum
623 1324 780 1387 inconsulti
795 1326 961 1387 certaminis
978 1342 1043 1386 ore·

78 1418 178 1481 retur,
200 1410 263 1489 ipse
285 1410 447 1490 praemisso
467 1412 569 1472 nuntio
591 1409 628 1471 ad
647 1411 772 1471 Marium
790 1409 937 1472 Hlossium
956 1426 1043 1489 prae·

79 1503 177 1556 torem
189 1494 385 1573 Campanum,
407 1501 525 1573 postero
542 1494 589 1556 dle
604 1513 636 1556 se
653 1494 769 1573 Capuae
784 1493 932 1564 futurum,
953 1493 1043 1573 proil-

79 1579 230 1640 cisciture
248 1580 350 1639 castris
367 1596 433 1639 cum
449 1577 563 1640 modico
580 1578 738 1658 praesidio.
780 1578 889 1640 illarius
906 1579 1072 1639 contionati

79 1662 220 1724 advocata
241 1661 345 1732 edicit,
367 1670 401 1723 ut
419 1662 588 1742 frequentes
609 1681 676 1724 enm
693 1660 867 1741 coniugibus
887 1680 922 1724 ac
942 1660 1044 1723 liberis

78 1746 196 1809 obviam
218 1747 296 1807 irent
310 1745 477 1807 Hannibali.
507 1745 544 1806 ab
562 1747 705 1807 universis
721 1746 752 1806 id
772 1763 833 1807 non
849 1744 1042 1808 oboedienter

78 1829 183 1902 modo,
202 1829 254 1891 sed
270 1831 370 1900 enixe,
391 1829 491 1890 lavore
506 1830 594 1889 etiam
607 1828 685 1907 volgi
705 1837 734 1890 et
754 1829 849 1890 studio
871 1829 985 1891 visendi
998 1836 1043 1890 tot

77 1918 139 1977 iam
163 1915 292 1976 victoriis
318 1912 430 1974 ciarum
451 1914 677 1990 imperatorem,
704 1912 814 1973 lactum
836 1921 889 1974 est.
934 1913 1040 1974 Decius
1052 1917 1085 1971 to

77 1998 192 2076 Hagios
203 2015 260 2059 nec
271 1996 386 2058 obviam
398 2014 534 2075 egressus
547 2004 590 2057 est
604 2013 676 2067 nec,
692 2013 750 2075 quo
766 1996 902 2057 timorem
914 1995 1040 2076 aliquem

77 2103 116 2145 ex
139 2082 318 2143 conscientia
338 2081 504 2160 significare
530 2087 642 2160 posset,
673 2080 785 2159 privato
814 2097 846 2140 se
876 2081 984 2139 tenuit:
1010 2081 1041 2138 in

78 2168 145 2229 ioro
162 2185 229 2228 cum
244 2164 303 2226 tilio
320 2164 533 2245 clientibusque
548 2166 649 2244 paucis
664 2165 757 2225 otiose
772 2161 962 2224 inambulavit
981 2169 1041 2222 tre·

77 2250 199 2332 pidante
213 2256 273 2313 tota
283 2250 399 2311 civitate
411 2249 447 2311 ad
459 2249 664 2330 excipiendum
676 2248 808 2309 Poenum
819 2246 1040 2325 visendamque.

77 2333 225 2396 Hannibal
235 2334 386 2413 ingressus
396 2332 501 2395 urbem
515 2340 649 2395 senatum
661 2329 807 2412 extempio
817 2328 958 2410 postulat,
971 2347 1038 2409 pre·
1053 2334 1083 2386 11

78 2418 272 2499 cantibusque
294 2418 364 2480 inde
385 2417 566 2498 primoribus
592 2418 824 2496 Campanorum,
854 2414 982 2495 nequid
1006 2430 1040 2474 eo

79 2503 128 2565 die
142 2505 237 2565 seriae
251 2503 296 2564 rei
314 2509 433 2582 gereret
448 2501 583 2582 diemque
599 2508 630 2561 ut
644 2502 707 2581 ipse
725 2499 851 2561 adventu
865 2517 918 2560 suo
933 2500 1040 2560 iestum

78 2583 173 2648 iaetus
190 2605 224 2649 ac
246 2585 341 2648 iibens
358 2585 538 2658 celebraret,
560 2604 737 2666 quamquam
758 2601 901 2663 praeceps
921 2583 1083 2662 ingeniola

77 2674 110 2730 in
125 2672 200 2732 iram
216 2679 294 2743 erat,
312 2679 426 2743 tamen,
443 2689 480 2731 ne
498 2670 569 2751 quid
582 2673 613 2731 ln
629 2670 773 2750 principio
792 2675 928 2748 negaret,
945 2669 1039 2729 risen

79 2754 117 2812 da
131 2753 206 2813 urbe
220 2772 358 2832 magnam
372 2763 488 2833 partem
503 2754 562 2814 diei
575 2755 766 2832 consumpsit.

143 2834 216 2894 Viil.
242 2835 417 2897 Deversatus
429 2845 474 2898 est
495 2836 572 2914 apud
591 2836 716 2895 Ninnios
732 2836 863 2904 Celeres,
889 2833 1069 2893 Stheniumi

79 2918 311 2997 Pacuviumque,
332 2919 459 2981 inclutos
479 2918 630 2980 nobilitate
646 2936 680 2979 ac
702 2917 815 2978 divitiis.
849 2934 884 2976 eo
899 2915 1068 2975 Pacuviust

79 3001 226 3071 Calavius,
251 3000 360 3082 dequo
375 3009 443 3063 ante
460 3002 641 3072 dictumest,
662 3002 801 3080 princeps
816 2999 951 3061 factionis
967 2999 1039 3074 eius,

78 3105 154 3167 quae
170 3089 300 3147 traxerat
312 3102 378 3147 rem
393 3085 430 3147 ad
440 3085 569 3155 Poenos,
584 3084 676 3146 filium
687 3085 822 3146 iuvenem
838 3081 972 3151 adduxit,
990 3079 1069 3141 aio-t

79 3178 220 3233 stractum
240 3189 257 3231 a
277 3170 359 3232 Decii
379 3169 467 3250 Hagii
487 3167 593 3240 latere,
613 3187 681 3230 cum
702 3187 760 3249 quo
784 3164 966 3228 ferocissime
985 3182 1040 3243 pro

79 3254 209 3318 Romana
225 3257 364 3317 societate
384 3254 523 3315 adversus
538 3254 681 3315 Punicum
702 3251 805 3313 foedus
825 3256 961 3319 steterat,
985 3265 1041 3308 nec

80 3356 147 3400 eum
160 3347 210 3401 aut
222 3339 362 3401 inclinata
377 3340 409 3399 in
424 3345 539 3418 partem
554 3338 676 3401 aiteram
692 3338 791 3399 civitas
807 3342 857 3398 aut
871 3334 967 3412 patria
978 3349 1040 3393 ma·

78 3423 166 3484 iestas
180 3425 325 3486 sententia
342 3422 506 3504 depulerat.
544 3424 612 3485 huic
632 3430 695 3484 tum
710 3429 796 3502 pater
817 3418 915 3481 iuveni
928 3413 1068 3478 Hanni-4

79 3502 176 3567 balem
191 3507 376 3589 deprecando
392 3509 486 3589 magis
501 3526 588 3588 quam
602 3507 756 3589 purgando
773 3504 911 3588 placavit,
933 3503 1040 3563 rietus·
