2575 4067
95 219 173 352 s
227 248 291 313 134
421 242 999 321 amsurx.om.³t.tt.[a.u.e.444]

66 357 93 404 s
212 372 217 379 .

227 406 433 472 tumultuariae
454 405 826 485 agrestium'Etrusoorum
849 406 1003 478 cohortes,
1025 416 1149 487 repente
1171 428 1188 471 a

225 491 1017 655 eructuate·instabilitati.
1026 502 1189 656 XXX

190 658 284 721 ltdae
304 659 424 720 luerint.
462 659 555 719 caesis
576 657 741 737 fugatisque
763 658 800 718 iis
826 656 885 719 late
914 657 1091 738 depopulato
1116 677 1191 739 agro

227 745 320 804 victor
339 743 489 804 Romanus
509 739 723 821 opulentusque
749 758 852 802 rerum
877 743 1011 804 omnium
1042 744 1127 823 copia
1157 746 1191 804 in

187 832 219 886 14
229 834 325 887 castra
337 826 435 887 rediit.
464 842 500 885 eo
514 824 591 886 iorte
605 826 735 905 qumque
745 824 835 903 legati
850 842 917 887 cum
932 824 1047 887 duobus
1060 825 1192 888 tribunis
1279 823 1285 834 ”

228 908 322 989 plebis
335 907 690 970 uenerantdenuutiatum
703 907 794 970 Fabio
810 917 930 971 senatus
946 909 1058 982 verbis,
1075 928 1113 970 ne
1130 909 1191 972 sal·

228 1002 291 1055 tum
308 993 465 1055 (liminium
483 992 631 1053 transiret.
667 990 766 1053 laetati
780 993 875 1054 serius
889 1010 936 1063 se,
952 1010 1041 1073 quarn
1055 1002 1089 1054 ut
1104 994 1191 1074 inpe-

146 1087 151 1092 ·
228 1074 292 1137 dire
307 1075 418 1138 bellum
435 1083 573 1156 possent,
591 1076 721 1146 reabse,
737 1076 833 1137 nuntii
848 1077 988 1139 victoriae
1002 1077 1126 1139 Romam
1141 1095 1191 1137 re-

228 1169 390 1220 vertuntur.

200 1248 216 1302 l
293 1242 431 1305 XXXVII.
460 1242 522 1303 llac
543 1241 728 1320 expeditione
749 1240 877 1304 consulis
898 1240 1111 1305 motumlatius
1126 1255 1193 1305 erat

228 1344 317 1407 quam
339 1325 528 1407 profligatum
546 1323 673 1388 bellum:
697 1326 890 1387 vastationem
910 1342 1039 1406 namque
1062 1325 1117 1387 sub
1142 1327 1191 1389 Ci-

227 1411 312 1471 minii
325 1412 435 1471 montis
450 1408 599 1476 radicibus
613 1410 714 1471 iacens
728 1426 780 1469 ora
794 1416 941 1479 senserat,
963 1411 1192 1489 conciveratque

227 1493 429 1571 indignatione
455 1510 516 1553 non
540 1492 676 1553 Etruriae
705 1492 794 1553 modo
821 1492 945 1573 populos
971 1492 1023 1554 sed
1050 1492 1193 1555 Umbriae

199 1576 358 1637 adnitima.
389 1577 488 1655 itaque
502 1582 629 1654 quantus
643 1592 704 1636 non
725 1594 864 1656 umquam
882 1583 968 1638 antea
984 1578 1132 1638 exercitus
1153 1576 1192 1638 ad

228 1658 359 1720 Sutrium
370 1660 465 1726 venit;
483 1676 580 1738 neque
592 1676 609 1719 e
623 1657 702 1720 silvis
716 1659 919 1721 tantummodo
929 1667 1067 1740 promota
1082 1668 1191 1733 castra,

228 1741 282 1801 sed
303 1743 391 1802 etiam
411 1741 547 1802 ariditate
569 1740 728 1802 dimicandi
749 1760 838 1823 quarn
858 1744 990 1823 primum
1011 1744 1044 1804 ln
1068 1761 1191 1824 campos

140 1885 141 1888 ,
202 1823 327 1886 tdelata
341 1825 428 1886 ecies.
457 1822 563 1885 deinde
573 1825 718 1887 instructa
734 1826 831 1905 primo
845 1844 900 1888 suo
913 1835 992 1888 stare
1002 1824 1068 1888 loco
1083 1825 1190 1889 rebem

228 1907 362 1970 hostibus
384 1908 420 1969 ad
441 1905 648 1969 instruendum
668 1917 770 1970 contra
797 1912 905 1990 spatio;
928 1909 1011 1982 dein,
1032 1920 1190 1991 postquam

229 1990 394 2053 detractare
416 1992 531 2053 bostem
553 2009 674 2057 sensam
694 2010 839 2073 pugnam,
862 1993 899 2056 ad
919 1992 1028 2056 rabum
1050 1994 1189 2057 subeunt.

200 2074 280 2137 tubi
293 2083 451 2156 postquam
465 2077 606 2138 stationes
620 2093 738 2156 quoque
751 2084 892 2157 receptas
911 2078 990 2140 intra
1004 2079 1192 2141 munimenta

228 2177 365 2230 sensere,
388 2158 501 2221 clamor
518 2168 644 2239 repente
664 2161 742 2222 circa
765 2159 856 2222 duces
876 2170 974 2233 ortus,
997 2170 1080 2223 uteo
1096 2160 1187 2224 sibie

228 2246 332 2307 eastris
348 2244 458 2306 cibaria
474 2245 538 2306 eius
552 2244 610 2305 diei
622 2243 733 2305 delerri
746 2242 897 2306 iuberent:
912 2261 1068 2311 mansuros
1085 2263 1118 2306 se
1133 2244 1190 2307 sub

227 2330 318 2391 armis
338 2335 368 2389 et
388 2337 439 2390 aut
460 2335 548 2389 noete
567 2335 617 2389 aut
636 2335 718 2389 certe
738 2325 805 2389 lnce
822 2329 919 2408 prima
940 2338 1037 2391 castra
1059 2329 1190 2390 bostium

200 2412 388 2473 cinvasuros.
417 2410 509 2473 nihilo
526 2412 654 2491 quietior
667 2410 817 2473 romanus
831 2414 978 2474 exercitam
992 2414 1116 2494 imperio
1135 2412 1188 2475 du·

228 2496 271 2555 cis
290 2496 466 2555 continetur.
506 2494 619 2556 decima
639 2502 705 2556 erat
723 2494 787 2556 lare
807 2494 866 2557 diei
886 2495 975 2568 hora,
998 2514 1067 2558 oum
1089 2495 1190 2557 cibum

228 2594 336 2655 capere
359 2576 462 2638 consul
483 2576 592 2639 milites
611 2577 709 2647 iubot;
730 2580 890 2659 praecipit,
911 2587 945 2642 ut
966 2582 998 2643 in
1015 2580 1105 2642 armis
1118 2573 1190 2650 sint

199 2671 411 2738 equarumque
426 2658 485 2721 diei
499 2661 629 2721 noctisve
646 2660 721 2723 hora
735 2663 851 2741 signnm
863 2663 987 2726 dederit.
1016 2664 1118 2744 paucis
1132 2664 1189 2726 mi·

228 2740 295 2803 lites
305 2740 487 2822 adloquitur;
506 2743 680 2805 Samnitium
691 2743 770 2807 bella
784 2746 906 2819 extollit,
922 2746 1017 2810 eierat
1029 2747 1188 2816 samson

228 2843 286 2888 nec
295 2825 412 2888 bostem
427 2826 505 2889 hosti
519 2844 575 2888 nec
588 2826 808 2892 multitudinem
827 2830 1008 2894 multitudini
1023 2848 1188 2913 coopman-

228 2910 297 2973 dam
310 2911 366 2981 ait;
382 2928 448 2973 esse
464 2919 618 2992 praeterea
629 2911 722 2975 telum
739 2912 818 2976 aliud
834 2915 998 2986 occultam
1015 2916 1142 2977 emaum
1156 2916 1189 2974 in

201 3001 377 3075 tromper-m
400 2996 515 3058 [nterea
536 2998 629 3058 taceri
651 3014 725 3076 opus
742 3014 816 3060 esse.
846 2998 892 3061 bis
908 2997 1082 3079 ambagibus
1101 2996 1188 3078 prodi

223 3077 383 3142 simulabat
396 3079 510 3151 hostes,
526 3098 584 3160 quo
596 3082 713 3144 animus
722 3081 848 3144 militum
862 3081 1051 3146 multitudiue
1065 3083 1188 3143 territus

227 3163 450 3233 restitueretum
470 3174 515 3234 et,
532 3163 613 3244 quod
627 3166 692 3226 sine
703 3167 887 3229 munlmento
904 3166 1108 3236 considerant,
1124 3164 1189 3226 reri

228 3244 352 3308 similius
363 3255 440 3317 erat,
456 3246 536 3328 quod
546 3245 748 3312 simulabatur.
778 3250 949 3313 ematiolbo
961 3248 1190 3331 corporaquleti

228 3328 313 3400 dant,
335 3340 366 3391 et
385 3338 490 3410 quarta
509 3332 573 3393 iere
600 3330 700 3412 vigilia
721 3334 786 3395 sine
814 3332 942 3396 tumultu
967 3334 1086 3397 excitati
1106 3349 1190 3394 arma

199 3412 357 3489 scapiunt.
393 3412 532 3477 dolabrae
556 3414 709 3478 calonibus
735 3417 904 3480 dividuntur
928 3416 966 3480 ad
990 3416 1098 3479 vallum
1118 3433 1190 3497 pro·

229 3491 375 3554 ruendum
389 3494 541 3576 fossasque
554 3497 721 3578 inplendae.
746 3503 824 3563 intra
837 3502 1021 3564 munimenta
1034 3500 1194 3562 instruitur
