2575 4067
283 213 302 274 2
461 227 555 270 omne
570 225 625 271 vrr.
641 228 714 272 oar.
729 207 811 289 telo.
827 232 859 272 u.
876 231 901 270 e.
917 212 1059 292 388·391]

653 381 655 384 ·
741 357 757 402 Ι

384 493 460 554 ΤΙΤΙ
480 493 553 554 LIVl
572 493 618 553 ΑΒ
640 492 741 554 URBE
763 492 925 554 CONDITA
946 493 1058 554 LIBER
1079 494 1138 554 Vll.

252 637 265 687 l
344 626 366 687 l.
389 630 489 686 Annus
503 607 551 686 iio
567 629 623 688 erit
633 627 756 705 insignis
771 627 839 686 novi
851 626 979 686 hominis
991 626 1156 699 consulatu,
1173 630 1247 690 insi·

281 712 347 792 gnis
361 711 442 770 noris
456 709 569 771 duobus
582 709 812 789 magistratibus,
827 717 967 788 praetura
985 719 1013 771 et
1029 710 1124 771 curuli
1138 711 1245 772 aedili·

282 805 349 855 tate.
389 794 444 854 hos
465 794 521 853 sibi
541 796 657 873 patricii
677 795 849 873 quaesivere
868 794 997 853 honores
1019 812 1074 872 pro
1100 812 1248 857 concesso

249 890 265 938 2
279 877 359 959 plebi
376 876 468 938 altero
483 877 644 937 consulatu.
672 877 774 956 plebes
790 876 973 938 consulatum
985 877 1018 937 L.
1031 878 1140 949 Sextio,
1161 880 1246 940 ouius

279 963 344 1040 lege
358 968 461 1040 partus
475 968 547 1029 erat,
564 960 659 1027 dedit;
680 968 779 1038 patres
793 969 963 1039 praeturam
982 960 1033 1039 Sp.
1049 961 1139 1023 Furio
1151 963 1246 1023 llarci

280 1044 338 1105 illio
350 1042 480 1114 Camillo,
494 1042 672 1103 aedilitatem
683 1044 734 1104 Cn.
748 1043 884 1114 Quinctio
900 1043 1060 1123 Capitolino
1076 1054 1105 1105 et
1121 1046 1154 1106 P.
1169 1046 1243 1107 Cor-

279 1126 357 1188 nelio
375 1128 512 1206 Scipioni,
531 1144 651 1188 suarum
666 1128 797 1205 gentium
810 1128 888 1197 viris,
907 1130 1001 1206 gratia
1016 1132 1174 1207 campestri
1193 1148 1243 1190 ee·

279 1219 396 1291 perunt.
430 1212 462 1272 L.
479 1212 579 1271 Sextio
603 1209 715 1288 collega
736 1228 771 1271 er
795 1211 928 1290 patribus
949 1210 1033 1271 datus
1049 1211 1082 1271 L.
1099 1212 1243 1274 Aemilius

238 1307 254 1357 a
278 1296 451 1357 Mamercus.
490 1296 634 1374 principio
652 1296 720 1354 anni
735 1301 765 1354 et
783 1294 820 1354 de
837 1294 939 1364 Gallis,
955 1312 1029 1373 quos
1045 1295 1142 1374 primo
1159 1296 1242 1375 pala·

280 1387 325 1439 tos
340 1397 394 1458 per
405 1376 537 1456 Apuliam
555 1379 730 1456 congregari
746 1379 805 1438 iam
820 1377 895 1438 lama
911 1385 983 1449 erat,
1000 1385 1029 1438 et
1045 1378 1083 1438 de
1094 1379 1241 1440 Hernico-

247 1475 345 1522 4rum
362 1461 528 1521 delectione
545 1463 651 1539 agitata
664 1462 784 1521 mentio.
820 1479 886 1521 cum
907 1462 944 1521 de
964 1460 1109 1522 industria
1131 1465 1240 1534 omnia,

279 1544 395 1623 nequid
410 1562 465 1622 per
478 1543 626 1622 plebeium
638 1544 788 1605 consulem
804 1552 951 1624 ageretur,
967 1545 1186 1623 proferrentur,
1201 1549 1240 1607 si-

277 1626 399 1688 lentium
416 1629 545 1688 omnium
560 1646 663 1688 rerum
679 1646 713 1688 ao
737 1629 846 1688 iustitio
863 1628 958 1689 simile
980 1629 1072 1689 otium
1094 1629 1163 1700 luit,
1184 1633 1240 1691 nisi

247 1721 263 1770 o
279 1711 355 1790 quod
374 1728 434 1771 non
447 1711 624 1790 patientibus
645 1713 766 1772 tacitum
783 1710 923 1782 tribunis,
942 1711 1020 1791 quod
1040 1730 1096 1791 pro
1118 1714 1240 1775 consule

277 1812 337 1854 uno
347 1793 463 1874 plebeio
473 1803 534 1854 tres
548 1796 689 1874 patricios
700 1797 887 1873 magistratus
898 1794 1050 1857 curulibus
1061 1794 1141 1857 sellis
1150 1815 1237 1876 prae·

277 1884 402 1938 textatos
414 1884 563 1956 tamquam
578 1876 714 1939 eonsules
727 1877 863 1938 sedentes
879 1877 1015 1939 nobilitas
1025 1879 1081 1939 sibi
1095 1884 1238 1961 sumpsis-

245 1972 263 2022 6
277 1968 329 2030 set,
345 1970 513 2039 praetorem
535 1961 654 2040 quidem
673 1962 761 2020 etiam
776 1961 840 2020 iura
860 1960 1034 2022 reddentem
1050 1969 1079 2022 et
1093 1963 1237 2043 collegam

277 2042 446 2104 oonsulibus
460 2051 547 2122 atque
560 2043 654 2105 isdem
670 2045 807 2123 auspiciis
824 2051 963 2117 creatum,
975 2046 1151 2107 verecundia
1166 2048 1237 2108 inde

275 2129 401 2206 inposita
422 2134 467 2187 est
490 2130 603 2189 senatui
626 2146 662 2188 er
684 2126 816 2207 patribus
839 2126 962 2188 iubendi
987 2128 1095 2190 aediles
1116 2131 1237 2191 curules

276 2213 379 2272 creari.
416 2212 528 2290 primo,
549 2220 582 2273 ut
597 2211 718 2273 alternis
738 2214 822 2272 annis
836 2229 871 2272 ex
885 2210 977 2290 plebe
994 2213 1113 2281 tierent,
1129 2231 1235 2275 conve·

276 2304 372 2365 nerat;
394 2304 495 2375 postea
508 2298 688 2376 promiscum
703 2296 766 2357 luit.

244 2382 259 2430 ⁷
335 2379 406 2441 lnde
422 2380 454 2440 L.
476 2380 606 2441 Genucio
622 2387 652 2440 et
666 2380 700 2450 Q.
717 2378 839 2439 Servilio
860 2377 1030 2439 oonsulibus
1051 2387 1080 2439 et
1101 2378 1137 2439 ab
1155 2380 1233 2441 sedi·

275 2465 355 2523 tione
369 2471 398 2521 et
415 2481 431 2520 a
449 2459 527 2521 bello
545 2462 652 2540 quietis
667 2460 771 2531 rebus,
787 2479 826 2521 ne
843 2460 960 2539 quando
975 2479 992 2521 a
1006 2469 1088 2523 metu
1105 2480 1140 2523 ac
1153 2467 1234 2542 peri·

244 2548 260 2597 Β
275 2544 347 2605 culis
362 2550 508 2614 vacarent,
524 2541 690 2622 pestilentia
705 2545 810 2621 ingens
826 2552 901 2603 orta.
929 2562 1094 2616 censorem,
1109 2544 1233 2607 aedilem

275 2626 416 2696 curulem,
427 2632 489 2686 tres
505 2626 639 2688 tribunos
650 2625 744 2706 plebis
759 2634 892 2688 mortuos
909 2627 1017 2698 ferunt,
1030 2647 1086 2708 pro
1097 2631 1233 2708 portione

275 2719 304 2770 et
325 2729 360 2770 er
380 2708 566 2770 multitudine
588 2709 643 2770 alia
662 2709 753 2770 multa
774 2711 880 2771 funera
902 2710 1000 2772 luisse.
1037 2730 1233 2792 maxumeque

275 2811 340 2855 eam
356 2792 551 2872 pestilentiam
566 2793 711 2871 insignem
732 2811 813 2854 mors
834 2795 966 2873 qrramvis
983 2803 1111 2867 matura,
1133 2802 1232 2857 tamen

242 2880 259 2931 9
275 2875 380 2937 acerba
394 2876 432 2937 Μ.
447 2876 518 2937 Furi
536 2876 614 2936 lecit.
657 2875 713 2935 fult
727 2876 805 2936 enim
824 2895 894 2938 vere
915 2879 960 2937 vir
978 2879 1082 2939 unicus
1103 2881 1232 2940 inomni

274 2960 401 3030 fortuna,
418 2962 557 3041 princeps
568 2977 642 3038 pace
653 2956 798 3038 belloque,
814 2962 985 3046 priusquam
1000 2960 1148 3023 exulatum
1159 2965 1230 3032 iret;

274 3043 380 3106 clarior
394 3045 425 3104 in
441 3043 528 3105 exilio
544 3042 590 3104 vel
607 3041 754 3103 desiderio
767 3045 897 3117 civitatis,
914 3063 989 3125 quae
1004 3053 1088 3125 capta
1103 3045 1230 3107 absentis

273 3127 430 3208 inploravit
448 3145 549 3206 opem,
572 3125 616 3187 vel
639 3124 793 3199 felicitate,
810 3146 865 3207 qua
888 3130 1041 3189 restitutus
1061 3131 1092 3189 in
1106 3131 1230 3209 patriam

234 3214 266 3265 10
277 3228 375 3272 secum
392 3212 516 3289 patriam
532 3210 625 3290 ipsam
642 3211 784 3281 restituit;
804 3230 859 3291 par
873 3212 979 3272 deinde
993 3231 1048 3291 per
1059 3215 1188 3292 quinque
1201 3221 1230 3273 et

273 3295 375 3371 nginti
391 3312 484 3355 annos
501 3327 536 3339 -
555 3301 600 3355 tot
612 3296 692 3356 enim
707 3301 808 3374 postea
824 3297 895 3356 vixit
909 3328 944 3340 -
962 3294 1047 3356 titulo
1057 3303 1156 3357 tantae
1168 3295 1228 3374 glo·

273 3377 335 3436 riae
357 3375 427 3448 luit,
449 3377 611 3459 dignusque
626 3378 759 3448 habitus,
781 3396 869 3457 quem
890 3377 1052 3439 secundum
1072 3399 1088 3439 a
1105 3379 1229 3441 Romulo

273 3459 455 3520 conditorem
472 3461 554 3522 urbis
570 3463 718 3523 Romanae
733 3462 855 3522 ferrent.
1143 3493 1145 3496 ·
