2575 4067
279 199 373 245 arnna
386 201 449 244 ω.
466 201 535 245 ore.
551 188 594 244 20.
610 189 654 244 21.
669 179 709 265 [c.
727 183 762 247 0.
779 182 841 266 tle]
979 188 1040 252 221

74 354 187 410 eontra
210 364 242 407 ea
266 345 368 408 audire
387 359 452 409 sese
473 349 568 426 gentis
589 366 660 409 snae
681 348 816 410 homines
831 367 902 428 agro
921 349 1072 413 limbus-o

74 448 143 512 que
156 428 255 492 itallae
268 426 340 510 pelli
355 448 371 491 a
387 430 495 510 populo
510 431 643 494 Romano
658 431 894 512 stipendiumque
911 434 1042 514 pendere

75 523 114 575 -et
136 521 233 574 cetera
255 512 376 592 indigna
394 515 465 593 patl.
513 514 616 575 eadem
637 515 732 576 ferme
753 516 786 575 in
805 518 911 576 ceteris
933 516 1070 580 Galilaea

79 595 217 658 conciliis
240 595 318 657 dlcta
340 595 510 678 auditaque;
537 615 593 660 nec
614 597 758 678 hospitale
779 599 935 678 quicquam
955 618 1043 680 paca·

79 688 183 742 tumve
204 679 275 741 sads
296 680 380 759 prius
401 680 545 752 auditum,
566 700 654 762 quam
669 680 826 743 Massiliam
849 699 966 747 venere.
1002 683 1073 744 ibis

78 765 184 828 omnia
198 762 234 824 ab
249 764 336 824 sociis
351 764 488 842 inquisita
502 783 570 825 oum
588 783 660 826 cura
674 783 708 826 ac
728 764 785 825 lide
803 766 935 844 cognita:
956 783 1043 846 prac-

82 854 244 926 oooupatos
266 847 325 908 iam
346 854 414 908 ante
433 846 470 908 ab
486 847 649 909 Hannibale
665 847 814 910 Gallorum
836 850 950 910 animos
964 867 1043 919 esse;

82 929 194 991 sedne
213 927 256 989 illl
271 929 389 1009 quidem
408 931 465 1008 ipsi
484 933 554 992 satis
575 933 678 993 mitem
699 938 817 1010 gentem
831 932 897 993 iore
914 966 950 978 -
970 932 1044 994 adeo

85 1013 201 1074 ferocia
216 1018 302 1091 atque
316 1012 457 1075 indomita
476 1015 593 1093 ingenia
608 1033 739 1086 esse-,
765 1017 796 1075 ui
816 1014 941 1077 subinde
963 1034 1043 1088 auro,

83 1097 171 1158 cuius
194 1094 355 1157 avidissima
370 1114 442 1175 gens
463 1104 519 1168 est,
539 1099 707 1178 principum
730 1098 820 1159 an1mi
841 1099 1044 1160 concilientur.

84 1181 129 1240 lta
151 1180 313 1258 peragratis
326 1179 483 1259 Hispaniae
506 1188 536 1241 et
550 1180 660 1242 Galliae
681 1180 796 1261 populls
818 1179 907 1260 legati
921 1182 1072 1245 Romame

85 1261 215 1328 redeunt
228 1261 305 1323 baud
323 1264 363 1324 ita
376 1262 469 1324 multo
483 1270 566 1344 post,
582 1284 669 1345 quam
684 1262 819 1325 consules
834 1265 865 1325 ln
879 1266 1044 1343 prouincias

86 1345 213 1426 proiecti
235 1354 332 1407 eraut·
361 1347 506 1409 ciuitatem
527 1366 645 1409 omnam
668 1345 728 1428 [in]
750 1349 952 1426 expectatione
975 1347 1046 1409 beli

87 1435 217 1490 erectam
239 1430 427 1500 invenerunt,
454 1432 524 1493 satis
548 1438 700 1492 constante
726 1431 804 1491 lama
824 1432 882 1493 iam
903 1431 1045 1493 Hiberum

88 1512 204 1576 Poenos
222 1513 390 1573 tramisisse.

151 1595 226 1657 m.
264 1594 409 1657 llannibal
437 1596 566 1675 Sagunto
595 1605 682 1676 capto
707 1596 915 1676 Carthaginem
942 1604 1073 1659 novaml

88 1679 120 1740 lu
134 1677 259 1738 hiberna
278 1685 476 1751 concesserat,
491 1679 591 1760 ibique
605 1681 725 1753 auditis,
743 1698 819 1761 quae
833 1679 943 1743 Romae
957 1700 1046 1761 quae·

88 1778 148 1841 que
162 1760 337 1860 Carthagine
354 1770 418 1824 acta
433 1762 610 1843 decretaque
630 1764 741 1835 forent,
762 1782 853 1864 seque
866 1764 1047 1863 uontducem

90 1843 187 2008 illi
202 1844 354 2008 illiti
372 1846 1075 2010 libutilllntliltlliitd

89 2012 207 2091 generis
221 2010 329 2074 milites
340 2019 489 2073 convocat.
523 2059 541 2083 ,‚
550 2011 639 2073 credo
655 2030 710 2090 eqo
725 2020 800 2072 vos“
815 2013 925 2092 iuquit,
940 2015 1077 2084 „soriti

89 2103 120 2156 et
141 2096 220 2174 ipsos
241 2112 365 2157 cernere
391 2097 502 2176 pacatis
521 2094 658 2156 omnibus
680 2095 836 2174 llispanlae
862 2093 978 2174 populis
999 2102 1049 2156 aut

90 2178 247 2241 finiendam
275 2178 361 2240 nobis
386 2177 520 2241 mditlam
546 2179 751 2257 exercitusque
773 2176 963 2239 dimittendos
984 2194 1048 2238 esse

93 2269 142 2323 aut
160 2264 192 2322 ln
211 2260 282 2325 alias
301 2270 396 2323 terras
419 2259 656 2324 transferendum
677 2260 804 2322 bellum:
828 2262 869 2321 ita
890 2261 969 2321 enim
993 2259 1077 2320 baed

91 2352 194 2424 gentes
209 2364 268 2406 nou
290 2347 372 2425 pacis
387 2344 495 2417 solum,
519 2344 572 2407 sed
592 2347 680 2406 etiam
702 2345 840 2405 notoriae
860 2343 946 2404 bouis
960 2342 1048 2403 flore·

91 2428 178 2499 bunt,
197 2430 270 2490 sien
285 2430 349 2491 aliis
369 2427 505 2508 gentibus
519 2428 659 2509 praedam
675 2436 704 2489 et
725 2426 848 2506 gloriam
863 2443 1048 2507 quaeremus.

91 2514 188 2592 itaque
203 2531 270 2574 cum
290 2511 449 2593 longinqua
466 2531 482 2574 a
497 2513 585 2574 domo
599 2513 689 2573 instet
709 2510 825 2581 militia,
846 2513 1077 2591 incertumque5

91 2597 141 2666 sit,
170 2597 287 2677 quando
307 2597 410 2659 domos
432 2603 541 2659 uestras
559 2604 589 2657 et
610 2614 686 2676 quae
708 2598 813 2676 cuique
832 2594 874 2656 ibi
894 2612 963 2657 cara
981 2602 1050 2658 sunt

91 2681 181 2740 visuri
203 2681 281 2752 sitis,
304 2682 408 2761 siquis
429 2689 559 2742 vestrum
577 2698 645 2741 suos
661 2681 787 2741 invisere
802 2678 876 2751 volt,
903 2697 1035 2741 commea

93 2767 154 2822 tum
169 2762 216 2822 do.
248 2764 344 2841 primo
359 2781 429 2824 rere
445 2763 527 2825 edico
542 2764 659 2833 adsitis,
677 2772 710 2824 ut
725 2763 779 2823 diis
793 2762 870 2824 bene
884 2762 1079 2823 luvantibuso

94 2842 202 2902 bellum
222 2845 349 2921 ingentis
366 2845 476 2923 gloriae
492 2846 677 2927 praedaeque
698 2846 830 2905 futurum
845 2845 1050 2921 incipiamus.“

95 2923 230 2985 omnibus
252 2925 315 2986 iere
341 2928 452 2987 visendi
472 2928 575 2991 domos
599 2926 697 2988 oblata
722 2926 799 2987 ultro
820 2931 948 3004 potestas
968 2932 1078 3002 qrata7

95 3013 171 3076 erat,
188 3014 217 3069 et
227 3009 285 3069 iam
297 3007 529 3072 desiderantibus
540 3030 609 3073 suos
620 3019 650 3072 et
666 3009 782 3088 longius
792 3009 823 3069 iu
836 3007 966 3068 futurum
980 3024 1036 3086 pro

94 3089 257 3152 videntibus
279 3090 466 3152 desiderium.
514 3111 568 3171 per
592 3101 686 3155 totum
706 3102 821 3171 tempus
841 3090 946 3150 hiemis
969 3090 1080 3170 qulesa

95 3176 170 3236 luter
185 3174 302 3236 labores
317 3182 367 3238 aut
381 3174 440 3234 iam
456 3174 611 3236 exhaustos
629 3182 679 3238 aut
693 3195 762 3238 mox
773 3171 988 3235 exhauriendos
1003 3190 1051 3233 re·

96 3260 209 3320 novarit
226 3276 352 3338 corpora
367 3256 538 3337 animosque
551 3258 588 3319 ad
602 3259 701 3319 omnia
717 3259 753 3319 de
769 3260 885 3334 integro
903 3254 1226 3393 patleudy

96 3359 162 3403 rere
176 3344 272 3423 primo
288 3341 325 3405 ad
340 3341 470 3403 edictum
487 3358 663 3406 convenere.

156 3425 316 3497 llaunibal,
340 3444 408 3489 cum
422 3426 618 3490 recenscdsset
632 3426 764 3487 omnium
789 3425 920 3505 gendum
935 3422 1077 3498 auxillatt
