<?xml version="1.0" encoding="UTF-8"?>
<!DOCTYPE html PUBLIC "-//W3C//DTD XHTML 1.0 Transitional//EN"
    "http://www.w3.org/TR/xhtml1/DTD/xhtml1-transitional.dtd">
<html xmlns="http://www.w3.org/1999/xhtml" xml:lang="en" lang="en">
 <head>
  <title>
</title>
<meta http-equiv="Content-Type" content="text/html;charset=utf-8" />
  <meta name='ocr-system' content='tesseract 3.04.00' />
  <meta name='ocr-capabilities' content='ocr_page ocr_carea ocr_par ocr_line ocrx_word'/>
</head>
<body>
  <div class='ocr_page' id='page_1' title='image "./aburbeconditali12livygoog_0372.png"; bbox 0 0 2575 4067; ppageno 0'>
   <div class='ocr_carea' id='block_1_1' title="bbox 249 238 1038 322">
    <p class='ocr_par' dir='ltr' id='par_1_1' title="bbox 249 238 1038 322">
     <span class='ocr_line' id='line_1_1' title="bbox 249 238 1038 322; baseline -0.018 -8"><span class='ocrx_word' id='word_1_1' title='bbox 249 248 310 314; x_wconf 69' lang='grc'>366</span> <span class='ocrx_word' id='word_1_2' title='bbox 416 261 509 303; x_wconf 74' lang='lat' dir='ltr'>ursan</span> <span class='ocrx_word' id='word_1_3' title='bbox 524 260 614 304; x_wconf 79' lang='lat' dir='ltr'>nur.</span> <span class='ocrx_word' id='word_1_4' title='bbox 631 261 701 305; x_wconf 75' lang='lat' dir='ltr'>car.</span> <span class='ocrx_word' id='word_1_5' title='bbox 715 248 759 302; x_wconf 72' lang='lat'>35.</span> <span class='ocrx_word' id='word_1_6' title='bbox 774 247 818 302; x_wconf 79' lang='lat'>³0.</span> <span class='ocrx_word' id='word_1_7' title='bbox 835 238 874 321; x_wconf 82' lang='lat' dir='ltr'>[a.</span> <span class='ocrx_word' id='word_1_8' title='bbox 888 262 918 303; x_wconf 91' lang='lat' dir='ltr'>u.</span> <span class='ocrx_word' id='word_1_9' title='bbox 934 262 961 304; x_wconf 88' lang='lat' dir='ltr'>o.</span> <span class='ocrx_word' id='word_1_10' title='bbox 977 239 1038 322; x_wconf 74' lang='lat' dir='ltr'>diu]</span> 
     </span>
    </p>
   </div>
   <div class='ocr_carea' id='block_1_2' title="bbox 210 405 1282 3488">
    <p class='ocr_par' dir='ltr' id='par_1_2' title="bbox 249 405 1222 562">
     <span class='ocr_line' id='line_1_2' title="bbox 249 405 1222 489; baseline 0.002 -20"><span class='ocrx_word' id='word_1_11' title='bbox 249 415 382 487; x_wconf 77' lang='lat' dir='ltr'>ceperat,</span> <span class='ocrx_word' id='word_1_12' title='bbox 398 425 437 469; x_wconf 91' lang='lat' dir='ltr'>ne</span> <span class='ocrx_word' id='word_1_13' title='bbox 454 425 511 489; x_wconf 86' lang='lat' dir='ltr'>qua</span> <span class='ocrx_word' id='word_1_14' title='bbox 519 405 706 486; x_wconf 80' lang='lat' dir='ltr'>exprobratio</span> <span class='ocrx_word' id='word_1_15' title='bbox 715 409 852 489; x_wconf 86' lang='lat' dir='ltr'>culquam</span> <span class='ocrx_word' id='word_1_16' title='bbox 870 407 978 469; x_wconf 85' lang='lat' dir='ltr'>veteris</span> <span class='ocrx_word' id='word_1_17' title='bbox 993 406 1132 469; x_wconf 77' lang='lat' dir='ltr'><strong>fortunae</strong></span> <span class='ocrx_word' id='word_1_18' title='bbox 1151 408 1222 471; x_wconf 82' lang='lat' dir='ltr'>dis·</span> 
     </span>
     <span class='ocr_line' id='line_1_3' title="bbox 249 489 1220 562; baseline 0.003 -11"><span class='ocrx_word' id='word_1_19' title='bbox 249 490 381 554; x_wconf 88' lang='lat' dir='ltr'>cordiam</span> <span class='ocrx_word' id='word_1_20' title='bbox 391 492 470 553; x_wconf 90' lang='lat' dir='ltr'>inter</span> <span class='ocrx_word' id='word_1_21' title='bbox 481 492 601 554; x_wconf 75' lang='lat' dir='ltr'><strong>ordines</strong></span> <span class='ocrx_word' id='word_1_22' title='bbox 611 499 741 561; x_wconf 77' lang='lat' dir='ltr'>sereret:</span> <span class='ocrx_word' id='word_1_23' title='bbox 755 499 837 554; x_wconf 86' lang='lat' dir='ltr'>vetus</span> <span class='ocrx_word' id='word_1_24' title='bbox 849 489 934 553; x_wconf 83' lang='lat' dir='ltr'>miles</span> <span class='ocrx_word' id='word_1_25' title='bbox 946 491 1049 562; x_wconf 89' lang='lat' dir='ltr'>tironi,</span> <span class='ocrx_word' id='word_1_26' title='bbox 1064 489 1147 552; x_wconf 89' lang='lat' dir='ltr'>liher</span> <span class='ocrx_word' id='word_1_27' title='bbox 1160 511 1220 554; x_wconf 82' lang='lat' dir='ltr'>ro·</span> 
     </span>
    </p>

    <p class='ocr_par' dir='ltr' id='par_1_3' title="bbox 223 573 1220 823">
     <span class='ocr_line' id='line_1_4' title="bbox 223 573 1220 657; baseline 0.001 -22"><span class='ocrx_word' id='word_1_28' title='bbox 223 573 312 635; x_wconf 72' lang='lat' dir='ltr'>aloni</span> <span class='ocrx_word' id='word_1_29' title='bbox 322 593 388 638; x_wconf 87' lang='lat' dir='ltr'>sese</span> <span class='ocrx_word' id='word_1_30' title='bbox 395 576 683 657; x_wconf 76' lang='lat' dir='ltr'>exaequarisineret3</span> <span class='ocrx_word' id='word_1_31' title='bbox 695 575 868 639; x_wconf 88' lang='lat' dir='ltr'>omnlssatis</span> <span class='ocrx_word' id='word_1_32' title='bbox 878 575 1017 636; x_wconf 91' lang='lat' dir='ltr'>honestos</span> <span class='ocrx_word' id='word_1_33' title='bbox 1028 591 1220 653; x_wconf 73' lang='lat' dir='ltr'>generosos·</span> 
     </span>
     <span class='ocr_line' id='line_1_5' title="bbox 249 656 1218 740; baseline 0.002 -21"><span class='ocrx_word' id='word_1_34' title='bbox 249 675 307 739; x_wconf 82' lang='lat' dir='ltr'>que</span> <span class='ocrx_word' id='word_1_35' title='bbox 318 657 475 731; x_wconf 76' lang='lat' dir='ltr'>ducerent,</span> <span class='ocrx_word' id='word_1_36' title='bbox 487 657 594 740; x_wconf 78' lang='lat' dir='ltr'>quihus</span> <span class='ocrx_word' id='word_1_37' title='bbox 606 676 752 723; x_wconf 85' lang='lat' dir='ltr'>armasna</span> <span class='ocrx_word' id='word_1_38' title='bbox 762 660 905 740; x_wconf 72' lang='lat' dir='ltr'>signaque</span> <span class='ocrx_word' id='word_1_39' title='bbox 916 656 1042 738; x_wconf 90' lang='lat' dir='ltr'>populus</span> <span class='ocrx_word' id='word_1_40' title='bbox 1052 657 1218 721; x_wconf 83' lang='lat' dir='ltr'>Romanus</span> 
     </span>
     <span class='ocr_line' id='line_1_6' title="bbox 249 740 1217 823; baseline -0.001 -20"><span class='ocrx_word' id='word_1_41' title='bbox 249 743 457 811; x_wconf 60' lang='lat' dir='ltr'>commisissem</span> <span class='ocrx_word' id='word_1_42' title='bbox 476 760 551 822; x_wconf 88' lang='lat' dir='ltr'>quae</span> <span class='ocrx_word' id='word_1_43' title='bbox 565 742 685 804; x_wconf 81' lang='lat' dir='ltr'>fortuna</span> <span class='ocrx_word' id='word_1_44' title='bbox 701 744 847 823; x_wconf 74' lang='lat' dir='ltr'>coepisset</span> <span class='ocrx_word' id='word_1_45' title='bbox 860 744 901 805; x_wconf 91' lang='lat' dir='ltr'>ita</span> <span class='ocrx_word' id='word_1_46' title='bbox 917 742 997 812; x_wconf 87' lang='lat' dir='ltr'>lieri,</span> <span class='ocrx_word' id='word_1_47' title='bbox 1013 740 1142 802; x_wconf 87' lang='lat' dir='ltr'>eandem</span> <span class='ocrx_word' id='word_1_48' title='bbox 1161 761 1217 805; x_wconf 93' lang='lat' dir='ltr'>co·</span> 
     </span>
    </p>

    <p class='ocr_par' dir='ltr' id='par_1_4' title="bbox 220 823 1215 1074">
     <span class='ocr_line' id='line_1_7' title="bbox 220 823 1215 906; baseline 0.002 -21"><span class='ocrx_word' id='word_1_49' title='bbox 220 831 322 904; x_wconf 72' lang='lat' dir='ltr'>spere</span> <span class='ocrx_word' id='word_1_50' title='bbox 336 826 412 888; x_wconf 88' lang='lat' dir='ltr'>tueri</span> <span class='ocrx_word' id='word_1_51' title='bbox 434 825 552 888; x_wconf 86' lang='lat' dir='ltr'>iactum.</span> <span class='ocrx_word' id='word_1_52' title='bbox 582 844 617 889; x_wconf 86' lang='lat' dir='ltr'>ea</span> <span class='ocrx_word' id='word_1_53' title='bbox 638 844 699 887; x_wconf 90' lang='lat' dir='ltr'>nou</span> <span class='ocrx_word' id='word_1_54' title='bbox 713 828 825 889; x_wconf 88' lang='lat' dir='ltr'>maiore</span> <span class='ocrx_word' id='word_1_55' title='bbox 840 844 911 889; x_wconf 91' lang='lat' dir='ltr'>cura</span> <span class='ocrx_word' id='word_1_56' title='bbox 925 832 1083 906; x_wconf 90' lang='lat' dir='ltr'>praecepta</span> <span class='ocrx_word' id='word_1_57' title='bbox 1098 823 1138 887; x_wconf 89' lang='lat' dir='ltr'>ah</span> <span class='ocrx_word' id='word_1_58' title='bbox 1156 826 1215 887; x_wconf 92' lang='lat' dir='ltr'>du·</span> 
     </span>
     <span class='ocr_line' id='line_1_8' title="bbox 249 908 1214 990; baseline 0 -21"><span class='ocrx_word' id='word_1_59' title='bbox 249 908 333 970; x_wconf 89' lang='lat' dir='ltr'>cibus</span> <span class='ocrx_word' id='word_1_60' title='bbox 343 918 412 972; x_wconf 89' lang='lat' dir='ltr'>sunt</span> <span class='ocrx_word' id='word_1_61' title='bbox 422 927 509 990; x_wconf 86' lang='lat' dir='ltr'>quam</span> <span class='ocrx_word' id='word_1_62' title='bbox 523 908 696 972; x_wconf 84' lang='lat' dir='ltr'>amilitlhus</span> <span class='ocrx_word' id='word_1_63' title='bbox 707 910 876 982; x_wconf 86' lang='lat' dir='ltr'>observata,</span> <span class='ocrx_word' id='word_1_64' title='bbox 891 909 1032 989; x_wconf 86' lang='lat' dir='ltr'>brevique</span> <span class='ocrx_word' id='word_1_65' title='bbox 1042 916 1125 971; x_wconf 85' lang='lat' dir='ltr'>tanta</span> <span class='ocrx_word' id='word_1_66' title='bbox 1135 926 1214 970; x_wconf 86' lang='lat' dir='ltr'>eon-</span> 
     </span>
     <span class='ocr_line' id='line_1_9' title="bbox 250 990 1213 1074; baseline 0.001 -21"><span class='ocrx_word' id='word_1_67' title='bbox 250 992 350 1054; x_wconf 91' lang='lat' dir='ltr'>cordia</span> <span class='ocrx_word' id='word_1_68' title='bbox 368 991 538 1055; x_wconf 77' lang='lat' dir='ltr'>coaluerant</span> <span class='ocrx_word' id='word_1_69' title='bbox 555 996 688 1055; x_wconf 91' lang='lat' dir='ltr'>omnium</span> <span class='ocrx_word' id='word_1_70' title='bbox 704 995 809 1065; x_wconf 88' lang='lat' dir='ltr'>animi,</span> <span class='ocrx_word' id='word_1_71' title='bbox 824 1002 858 1055; x_wconf 84' lang='lat' dir='ltr'>ut</span> <span class='ocrx_word' id='word_1_72' title='bbox 870 1010 964 1074; x_wconf 87' lang='lat' dir='ltr'>prope</span> <span class='ocrx_word' id='word_1_73' title='bbox 979 995 1010 1053; x_wconf 94' lang='lat' dir='ltr'>in</span> <span class='ocrx_word' id='word_1_74' title='bbox 1026 990 1213 1054; x_wconf 87' lang='lat' dir='ltr'>oblivionem</span> 
     </span>
    </p>

    <p class='ocr_par' dir='ltr' id='par_1_5' title="bbox 210 1075 1213 1324">
     <span class='ocr_line' id='line_1_10' title="bbox 210 1075 1213 1158; baseline -0.001 -21"><span class='ocrx_word' id='word_1_75' title='bbox 210 1078 373 1149; x_wconf 75' lang='lat' dir='ltr'>adveniret,</span> <span class='ocrx_word' id='word_1_76' title='bbox 384 1094 442 1158; x_wconf 84' lang='lat' dir='ltr'>qua</span> <span class='ocrx_word' id='word_1_77' title='bbox 452 1095 490 1137; x_wconf 84' lang='lat' dir='ltr'>ex</span> <span class='ocrx_word' id='word_1_78' title='bbox 502 1076 675 1151; x_wconf 82' lang='lat' dir='ltr'>condicione</span> <span class='ocrx_word' id='word_1_79' title='bbox 686 1079 896 1158; x_wconf 83' lang='lat' dir='ltr'>quisqueesset</span> <span class='ocrx_word' id='word_1_80' title='bbox 906 1075 991 1138; x_wconf 88' lang='lat' dir='ltr'>miles</span> <span class='ocrx_word' id='word_1_81' title='bbox 1002 1075 1106 1138; x_wconf 83' lang='lat' dir='ltr'>lactus.</span> <span class='ocrx_word' id='word_1_82' title='bbox 1130 1077 1213 1138; x_wconf 88' lang='lat' dir='ltr'>haec</span> 
     </span>
     <span class='ocr_line' id='line_1_11' title="bbox 250 1158 1211 1239; baseline -0.001 -18"><span class='ocrx_word' id='word_1_83' title='bbox 250 1160 349 1239; x_wconf 79' lang='lat' dir='ltr'>agenti</span> <span class='ocrx_word' id='word_1_84' title='bbox 363 1158 497 1221; x_wconf 79' lang='lat' dir='ltr'>Graccho</span> <span class='ocrx_word' id='word_1_85' title='bbox 509 1159 598 1239; x_wconf 78' lang='lat' dir='ltr'>legati</span> <span class='ocrx_word' id='word_1_86' title='bbox 613 1161 737 1223; x_wconf 90' lang='lat' dir='ltr'>Gumani</span> <span class='ocrx_word' id='word_1_87' title='bbox 755 1162 941 1232; x_wconf 82' lang='lat' dir='ltr'>nuntiarunt,</span> <span class='ocrx_word' id='word_1_88' title='bbox 962 1177 1036 1239; x_wconf 90' lang='lat' dir='ltr'>quae</span> <span class='ocrx_word' id='word_1_89' title='bbox 1050 1178 1067 1220; x_wconf 87' lang='lat' dir='ltr'>a</span> <span class='ocrx_word' id='word_1_90' title='bbox 1079 1158 1211 1237; x_wconf 88' lang='lat' dir='ltr'>Gampa·</span> 
     </span>
     <span class='ocr_line' id='line_1_12' title="bbox 250 1241 1211 1324; baseline -0.001 -20"><span class='ocrx_word' id='word_1_91' title='bbox 250 1245 296 1304; x_wconf 89' lang='lat' dir='ltr'>nis</span> <span class='ocrx_word' id='word_1_92' title='bbox 306 1242 413 1322; x_wconf 78' lang='lat' dir='ltr'>legatio</span> <span class='ocrx_word' id='word_1_93' title='bbox 423 1260 531 1323; x_wconf 85' lang='lat' dir='ltr'>paucos</span> <span class='ocrx_word' id='word_1_94' title='bbox 541 1251 609 1306; x_wconf 88' lang='lat' dir='ltr'>ante</span> <span class='ocrx_word' id='word_1_95' title='bbox 620 1243 683 1305; x_wconf 90' lang='lat' dir='ltr'>dies</span> <span class='ocrx_word' id='word_1_96' title='bbox 694 1244 833 1315; x_wconf 85' lang='lat' dir='ltr'>venisset,</span> <span class='ocrx_word' id='word_1_97' title='bbox 846 1250 876 1306; x_wconf 91' lang='lat' dir='ltr'>et</span> <span class='ocrx_word' id='word_1_98' title='bbox 885 1241 956 1324; x_wconf 85' lang='lat' dir='ltr'>quid</span> <span class='ocrx_word' id='word_1_99' title='bbox 965 1244 1001 1304; x_wconf 92' lang='lat' dir='ltr'>iis</span> <span class='ocrx_word' id='word_1_100' title='bbox 1012 1242 1068 1323; x_wconf 89' lang='lat' dir='ltr'>ipsi</span> <span class='ocrx_word' id='word_1_101' title='bbox 1078 1259 1211 1321; x_wconf 90' lang='lat' dir='ltr'>respon·</span> 
     </span>
    </p>

    <p class='ocr_par' dir='ltr' id='par_1_6' title="bbox 210 1325 1210 1482">
     <span class='ocr_line' id='line_1_13' title="bbox 210 1325 1210 1407; baseline -0.003 -19"><span class='ocrx_word' id='word_1_102' title='bbox 210 1332 240 1388; x_wconf 83' lang='lat' dir='ltr'>ii</span> <span class='ocrx_word' id='word_1_103' title='bbox 252 1325 379 1389; x_wconf 86' lang='lat' dir='ltr'>dissent:</span> <span class='ocrx_word' id='word_1_104' title='bbox 391 1326 488 1387; x_wconf 89' lang='lat' dir='ltr'>triduo</span> <span class='ocrx_word' id='word_1_105' title='bbox 498 1334 565 1407; x_wconf 93' lang='lat' dir='ltr'>post</span> <span class='ocrx_word' id='word_1_106' title='bbox 575 1345 643 1388; x_wconf 92' lang='lat' dir='ltr'>eum</span> <span class='ocrx_word' id='word_1_107' title='bbox 650 1327 728 1389; x_wconf 94' lang='lat' dir='ltr'>diem</span> <span class='ocrx_word' id='word_1_108' title='bbox 739 1327 847 1396; x_wconf 86' lang='lat' dir='ltr'>festum</span> <span class='ocrx_word' id='word_1_109' title='bbox 854 1344 934 1396; x_wconf 88' lang='lat' dir='ltr'>esse;</span> <span class='ocrx_word' id='word_1_110' title='bbox 946 1332 1148 1388; x_wconf 91' lang='lat' dir='ltr'>nonsenatum</span> <span class='ocrx_word' id='word_1_111' title='bbox 1158 1343 1210 1386; x_wconf 89' lang='lat' dir='ltr'>so·</span> 
     </span>
     <span class='ocr_line' id='line_1_14' title="bbox 250 1408 1208 1482; baseline -0.002 -12"><span class='ocrx_word' id='word_1_112' title='bbox 250 1408 311 1472; x_wconf 93' lang='lat' dir='ltr'>ium</span> <span class='ocrx_word' id='word_1_113' title='bbox 329 1428 447 1472; x_wconf 90' lang='lat' dir='ltr'>omnem</span> <span class='ocrx_word' id='word_1_114' title='bbox 468 1409 510 1471; x_wconf 91' lang='lat' dir='ltr'>ihi</span> <span class='ocrx_word' id='word_1_115' title='bbox 533 1410 679 1482; x_wconf 83' lang='lat' dir='ltr'>futurum,</span> <span class='ocrx_word' id='word_1_116' title='bbox 703 1409 756 1472; x_wconf 90' lang='lat' dir='ltr'>sed</span> <span class='ocrx_word' id='word_1_117' title='bbox 771 1418 868 1473; x_wconf 88' lang='lat' dir='ltr'>castra</span> <span class='ocrx_word' id='word_1_118' title='bbox 884 1412 972 1472; x_wconf 90' lang='lat' dir='ltr'>etiam</span> <span class='ocrx_word' id='word_1_119' title='bbox 989 1417 1018 1471; x_wconf 88' lang='lat' dir='ltr'>ct</span> <span class='ocrx_word' id='word_1_120' title='bbox 1039 1408 1208 1470; x_wconf 84' lang='lat' dir='ltr'>exercitum</span> 
     </span>
    </p>

    <p class='ocr_par' dir='ltr' id='par_1_7' title="bbox 210 1491 1282 1740">
     <span class='ocr_line' id='line_1_15' title="bbox 210 1491 1209 1575; baseline -0.002 -22"><span class='ocrx_word' id='word_1_121' title='bbox 210 1501 241 1553; x_wconf 82' lang='lat' dir='ltr'>ia</span> <span class='ocrx_word' id='word_1_122' title='bbox 253 1493 442 1575; x_wconf 87' lang='lat' dir='ltr'>Campanum.</span> <span class='ocrx_word' id='word_1_123' title='bbox 483 1495 633 1557; x_wconf 80' lang='lat' dir='ltr'>Gracchus</span> <span class='ocrx_word' id='word_1_124' title='bbox 649 1494 735 1554; x_wconf 92' lang='lat' dir='ltr'>iussis</span> <span class='ocrx_word' id='word_1_125' title='bbox 753 1494 891 1556; x_wconf 87' lang='lat' dir='ltr'>Cumanis</span> <span class='ocrx_word' id='word_1_126' title='bbox 906 1496 1004 1554; x_wconf 91' lang='lat' dir='ltr'>omnla</span> <span class='ocrx_word' id='word_1_127' title='bbox 1019 1512 1055 1555; x_wconf 85' lang='lat' dir='ltr'>ex</span> <span class='ocrx_word' id='word_1_128' title='bbox 1072 1491 1151 1570; x_wconf 79' lang='lat' dir='ltr'>agris</span> <span class='ocrx_word' id='word_1_129' title='bbox 1174 1492 1209 1552; x_wconf 92' lang='lat' dir='ltr'>ln</span> 
     </span>
     <span class='ocr_line' id='line_1_16' title="bbox 250 1575 1207 1656; baseline -0.002 -17"><span class='ocrx_word' id='word_1_130' title='bbox 250 1576 356 1639; x_wconf 88' lang='lat' dir='ltr'>urhem</span> <span class='ocrx_word' id='word_1_131' title='bbox 369 1577 534 1639; x_wconf 88' lang='lat' dir='ltr'>convehere</span> <span class='ocrx_word' id='word_1_132' title='bbox 542 1586 572 1639; x_wconf 89' lang='lat' dir='ltr'>et</span> <span class='ocrx_word' id='word_1_133' title='bbox 582 1593 704 1638; x_wconf 87' lang='lat' dir='ltr'>manere</span> <span class='ocrx_word' id='word_1_134' title='bbox 715 1577 793 1640; x_wconf 86' lang='lat' dir='ltr'>inira</span> <span class='ocrx_word' id='word_1_135' title='bbox 800 1595 910 1648; x_wconf 87' lang='lat' dir='ltr'>muros,</span> <span class='ocrx_word' id='word_1_136' title='bbox 922 1578 985 1656; x_wconf 88' lang='lat' dir='ltr'>ipse</span> <span class='ocrx_word' id='word_1_137' title='bbox 998 1575 1102 1656; x_wconf 86' lang='lat' dir='ltr'>pridie,</span> <span class='ocrx_word' id='word_1_138' title='bbox 1114 1592 1207 1655; x_wconf 60' lang='lat' dir='ltr'>mam</span> 
     </span>
     <span class='ocr_line' id='line_1_17' title="bbox 251 1660 1282 1740; baseline -0.001 -20"><span class='ocrx_word' id='word_1_139' title='bbox 251 1669 357 1721; x_wconf 82' lang='lat' dir='ltr'>statum</span> <span class='ocrx_word' id='word_1_140' title='bbox 375 1661 550 1722; x_wconf 80' lang='lat' dir='ltr'>sacrificium</span> <span class='ocrx_word' id='word_1_141' title='bbox 568 1660 724 1740; x_wconf 81' lang='lat' dir='ltr'>Campanis</span> <span class='ocrx_word' id='word_1_142' title='bbox 745 1668 838 1732; x_wconf 88' lang='lat' dir='ltr'>esset,</span> <span class='ocrx_word' id='word_1_143' title='bbox 862 1661 967 1723; x_wconf 87' lang='lat' dir='ltr'>Gumas</span> <span class='ocrx_word' id='word_1_144' title='bbox 982 1667 1080 1720; x_wconf 85' lang='lat' dir='ltr'>movet</span> <span class='ocrx_word' id='word_1_145' title='bbox 1096 1665 1206 1720; x_wconf 84' lang='lat' dir='ltr'>eastra.</span> <span class='ocrx_word' id='word_1_146' title='bbox 1281 1675 1282 1680; x_wconf 50' lang='lat'>¹</span> 
     </span>
    </p>

    <p class='ocr_par' dir='ltr' id='par_1_8' title="bbox 210 1742 1207 2075">
     <span class='ocr_line' id='line_1_18' title="bbox 210 1742 1207 1823; baseline -0.001 -20"><span class='ocrx_word' id='word_1_147' title='bbox 210 1743 362 1804; x_wconf 73' lang='lat' dir='ltr'>iniiamae</span> <span class='ocrx_word' id='word_1_148' title='bbox 376 1742 445 1803; x_wconf 89' lang='lat' dir='ltr'>inde</span> <span class='ocrx_word' id='word_1_149' title='bbox 461 1743 517 1803; x_wconf 90' lang='lat' dir='ltr'>tria</span> <span class='ocrx_word' id='word_1_150' title='bbox 530 1742 611 1804; x_wconf 90' lang='lat' dir='ltr'>milia</span> <span class='ocrx_word' id='word_1_151' title='bbox 626 1762 765 1823; x_wconf 83' lang='lat' dir='ltr'>passuum</span> <span class='ocrx_word' id='word_1_152' title='bbox 786 1743 902 1807; x_wconf 84' lang='lat' dir='ltr'>absunt.</span> <span class='ocrx_word' id='word_1_153' title='bbox 940 1744 998 1805; x_wconf 90' lang='lat' dir='ltr'>iam</span> <span class='ocrx_word' id='word_1_154' title='bbox 1012 1742 1156 1821; x_wconf 87' lang='lat' dir='ltr'>Gampanl</span> <span class='ocrx_word' id='word_1_155' title='bbox 1171 1760 1207 1803; x_wconf 93' lang='lat' dir='ltr'>eo</span> 
     </span>
     <span class='ocr_line' id='line_1_19' title="bbox 251 1825 1206 1906; baseline 0 -21"><span class='ocrx_word' id='word_1_156' title='bbox 251 1825 421 1902; x_wconf 86' lang='lat' dir='ltr'>irequentes</span> <span class='ocrx_word' id='word_1_157' title='bbox 436 1843 472 1886; x_wconf 86' lang='lat' dir='ltr'>ex</span> <span class='ocrx_word' id='word_1_158' title='bbox 490 1827 643 1906; x_wconf 90' lang='lat' dir='ltr'>conposito</span> <span class='ocrx_word' id='word_1_159' title='bbox 659 1835 872 1899; x_wconf 86' lang='lat' dir='ltr'>convenerant,</span> <span class='ocrx_word' id='word_1_160' title='bbox 894 1844 950 1888; x_wconf 90' lang='lat' dir='ltr'>nec</span> <span class='ocrx_word' id='word_1_161' title='bbox 966 1826 1069 1905; x_wconf 92' lang='lat' dir='ltr'>procui</span> <span class='ocrx_word' id='word_1_162' title='bbox 1086 1825 1158 1887; x_wconf 90' lang='lat' dir='ltr'>inde</span> <span class='ocrx_word' id='word_1_163' title='bbox 1173 1827 1206 1885; x_wconf 91' lang='lat' dir='ltr'>in</span> 
     </span>
     <span class='ocr_line' id='line_1_20' title="bbox 251 1906 1206 1989; baseline 0.001 -21"><span class='ocrx_word' id='word_1_164' title='bbox 251 1906 366 1969; x_wconf 89' lang='lat' dir='ltr'>occulto</span> <span class='ocrx_word' id='word_1_165' title='bbox 382 1909 492 1970; x_wconf 86' lang='lat' dir='ltr'>ilarius</span> <span class='ocrx_word' id='word_1_166' title='bbox 506 1909 596 1972; x_wconf 80' lang='lat' dir='ltr'>didus</span> <span class='ocrx_word' id='word_1_167' title='bbox 618 1911 717 1972; x_wconf 84' lang='lat' dir='ltr'>medix</span> <span class='ocrx_word' id='word_1_168' title='bbox 735 1911 843 1973; x_wconf 90' lang='lat' dir='ltr'>tuticus</span> <span class='ocrx_word' id='word_1_169' title='bbox 861 1913 942 1972; x_wconf 78' lang='lat' dir='ltr'>-e&#39;s</span> <span class='ocrx_word' id='word_1_170' title='bbox 958 1927 1090 1971; x_wconf 88' lang='lat' dir='ltr'>summus</span> <span class='ocrx_word' id='word_1_171' title='bbox 1110 1911 1206 1989; x_wconf 81' lang='lat' dir='ltr'>magi·</span> 
     </span>
     <span class='ocr_line' id='line_1_21' title="bbox 250 1991 1206 2075; baseline 0.001 -22"><span class='ocrx_word' id='word_1_172' title='bbox 250 1998 359 2054; x_wconf 89' lang='lat' dir='ltr'>stratus</span> <span class='ocrx_word' id='word_1_173' title='bbox 374 2001 437 2057; x_wconf 87' lang='lat' dir='ltr'>erat</span> <span class='ocrx_word' id='word_1_174' title='bbox 448 1993 724 2075; x_wconf 85' lang='lat' dir='ltr'>Campanis-cum</span> <span class='ocrx_word' id='word_1_175' title='bbox 735 1993 968 2075; x_wconf 88' lang='lat' dir='ltr'>quattuordecim</span> <span class='ocrx_word' id='word_1_176' title='bbox 978 1991 1096 2054; x_wconf 88' lang='lat' dir='ltr'>milibus</span> <span class='ocrx_word' id='word_1_177' title='bbox 1107 2010 1206 2056; x_wconf 90' lang='lat' dir='ltr'>arma·</span> 
     </span>
    </p>

    <p class='ocr_par' dir='ltr' id='par_1_9' title="bbox 210 2075 1281 2243">
     <span class='ocr_line' id='line_1_22' title="bbox 210 2075 1281 2158; baseline 0 -21"><span class='ocrx_word' id='word_1_178' title='bbox 210 2083 243 2137; x_wconf 75' lang='lat' dir='ltr'>ii</span> <span class='ocrx_word' id='word_1_179' title='bbox 253 2083 352 2139; x_wconf 89' lang='lat' dir='ltr'>torum</span> <span class='ocrx_word' id='word_1_180' title='bbox 370 2076 499 2140; x_wconf 87' lang='lat' dir='ltr'>habehat</span> <span class='ocrx_word' id='word_1_181' title='bbox 512 2086 621 2150; x_wconf 88' lang='lat' dir='ltr'>castra,</span> <span class='ocrx_word' id='word_1_182' title='bbox 637 2078 781 2140; x_wconf 82' lang='lat' dir='ltr'>sacrificio</span> <span class='ocrx_word' id='word_1_183' title='bbox 797 2077 965 2158; x_wconf 85' lang='lat' dir='ltr'>adparando</span> <span class='ocrx_word' id='word_1_184' title='bbox 980 2084 1009 2139; x_wconf 92' lang='lat' dir='ltr'>et</span> <span class='ocrx_word' id='word_1_185' title='bbox 1021 2077 1101 2138; x_wconf 87' lang='lat' dir='ltr'>inter</span> <span class='ocrx_word' id='word_1_186' title='bbox 1113 2075 1146 2137; x_wconf 93' lang='lat' dir='ltr'>ld</span> <span class='ocrx_word' id='word_1_187' title='bbox 1160 2077 1206 2137; x_wconf 90' lang='lat' dir='ltr'>iu·</span> <span class='ocrx_word' id='word_1_188' title='bbox 1280 2091 1281 2120; x_wconf 70' lang='lat'>³</span> 
     </span>
     <span class='ocr_line' id='line_1_23' title="bbox 251 2125 1281 2243; baseline -0.005 -20"><span class='ocrx_word' id='word_1_189' title='bbox 251 2161 409 2223; x_wconf 80' lang='lat' dir='ltr'>struendae</span> <span class='ocrx_word' id='word_1_190' title='bbox 427 2161 523 2222; x_wconf 92' lang='lat' dir='ltr'>iraudl</span> <span class='ocrx_word' id='word_1_191' title='bbox 538 2161 686 2243; x_wconf 85' lang='lat' dir='ltr'>aliquanto</span> <span class='ocrx_word' id='word_1_192' title='bbox 701 2161 843 2223; x_wconf 85' lang='lat' dir='ltr'>intentior</span> <span class='ocrx_word' id='word_1_193' title='bbox 858 2178 947 2241; x_wconf 68' lang='grc' dir='ltr'>ιιιιιιιι</span> <span class='ocrx_word' id='word_1_194' title='bbox 966 2160 1133 2223; x_wconf 85' lang='lat' dir='ltr'>mrmlendis</span> <span class='ocrx_word' id='word_1_195' title='bbox 1156 2178 1205 2220; x_wconf 90' lang='lat' dir='ltr'>ca·</span> <span class='ocrx_word' id='word_1_196' title='bbox 1280 2125 1281 2218; x_wconf 76' lang='lat' dir='ltr'>l</span> 
     </span>
    </p>

    <p class='ocr_par' dir='ltr' id='par_1_10' title="bbox 212 2242 1207 2408">
     <span class='ocr_line' id='line_1_24' title="bbox 212 2242 1207 2326; baseline -0.002 -21"><span class='ocrx_word' id='word_1_197' title='bbox 212 2252 242 2305; x_wconf 79' lang='lat' dir='ltr'>id</span> <span class='ocrx_word' id='word_1_198' title='bbox 253 2246 323 2308; x_wconf 88' lang='lat' dir='ltr'>stris</span> <span class='ocrx_word' id='word_1_199' title='bbox 338 2250 387 2306; x_wconf 92' lang='lat' dir='ltr'>aut</span> <span class='ocrx_word' id='word_1_200' title='bbox 401 2244 454 2306; x_wconf 87' lang='lat' dir='ltr'>ulli</span> <span class='ocrx_word' id='word_1_201' title='bbox 467 2243 586 2306; x_wconf 84' lang='lat' dir='ltr'>militari</span> <span class='ocrx_word' id='word_1_202' title='bbox 602 2246 695 2325; x_wconf 87' lang='lat' dir='ltr'>operi.</span> <span class='ocrx_word' id='word_1_203' title='bbox 729 2243 874 2326; x_wconf 91' lang='lat' dir='ltr'>[triduum</span> <span class='ocrx_word' id='word_1_204' title='bbox 889 2244 1082 2306; x_wconf 81' lang='lat' dir='ltr'>sacrificatum</span> <span class='ocrx_word' id='word_1_205' title='bbox 1097 2243 1134 2306; x_wconf 94' lang='lat' dir='ltr'>ad</span> <span class='ocrx_word' id='word_1_206' title='bbox 1147 2242 1207 2304; x_wconf 89' lang='lat' dir='ltr'>lla·</span> 
     </span>
     <span class='ocr_line' id='line_1_25' title="bbox 251 2326 1206 2408; baseline -0.004 -18"><span class='ocrx_word' id='word_1_207' title='bbox 251 2326 340 2408; x_wconf 80' lang='lat' dir='ltr'>mas]</span> <span class='ocrx_word' id='word_1_208' title='bbox 379 2335 556 2390; x_wconf 86' lang='lat' dir='ltr'>nocturnum</span> <span class='ocrx_word' id='word_1_209' title='bbox 572 2337 636 2390; x_wconf 88' lang='lat' dir='ltr'>erat</span> <span class='ocrx_word' id='word_1_210' title='bbox 652 2345 782 2399; x_wconf 89' lang='lat' dir='ltr'>sacrum,</span> <span class='ocrx_word' id='word_1_211' title='bbox 806 2329 847 2389; x_wconf 89' lang='lat' dir='ltr'>ita</span> <span class='ocrx_word' id='word_1_212' title='bbox 866 2336 900 2389; x_wconf 94' lang='lat' dir='ltr'>ut</span> <span class='ocrx_word' id='word_1_213' title='bbox 920 2335 989 2390; x_wconf 89' lang='lat' dir='ltr'>ante</span> <span class='ocrx_word' id='word_1_214' title='bbox 1008 2326 1136 2388; x_wconf 91' lang='lat' dir='ltr'>mediam</span> <span class='ocrx_word' id='word_1_215' title='bbox 1152 2343 1206 2386; x_wconf 92' lang='lat' dir='ltr'>no·</span> 
     </span>
    </p>

    <p class='ocr_par' dir='ltr' id='par_1_11' title="bbox 211 2410 1280 2658">
     <span class='ocr_line' id='line_1_26' title="bbox 211 2410 1207 2492; baseline 0 -23"><span class='ocrx_word' id='word_1_216' title='bbox 211 2417 330 2474; x_wconf 82' lang='lat' dir='ltr'>idctem</span> <span class='ocrx_word' id='word_1_217' title='bbox 352 2410 549 2492; x_wconf 83' lang='lat' dir='ltr'>conpleretur.</span> <span class='ocrx_word' id='word_1_218' title='bbox 597 2412 667 2474; x_wconf 88' lang='lat' dir='ltr'>huic</span> <span class='ocrx_word' id='word_1_219' title='bbox 686 2411 837 2473; x_wconf 87' lang='lat' dir='ltr'>Gracchus</span> <span class='ocrx_word' id='word_1_220' title='bbox 856 2410 1053 2474; x_wconf 90' lang='lat' dir='ltr'>insidiandum</span> <span class='ocrx_word' id='word_1_221' title='bbox 1077 2411 1207 2488; x_wconf 86' lang='lat' dir='ltr'>tempori</span> 
     </span>
     <span class='ocr_line' id='line_1_27' title="bbox 252 2494 1280 2576; baseline -0.004 -21"><span class='ocrx_word' id='word_1_222' title='bbox 252 2502 348 2565; x_wconf 91' lang='lat' dir='ltr'>ratus,</span> <span class='ocrx_word' id='word_1_223' title='bbox 375 2494 545 2556; x_wconf 85' lang='lat' dir='ltr'>custodibus</span> <span class='ocrx_word' id='word_1_224' title='bbox 571 2495 608 2557; x_wconf 85' lang='lat' dir='ltr'>ad</span> <span class='ocrx_word' id='word_1_225' title='bbox 633 2501 734 2575; x_wconf 88' lang='lat' dir='ltr'>portas</span> <span class='ocrx_word' id='word_1_226' title='bbox 754 2495 875 2575; x_wconf 88' lang='lat' dir='ltr'>positis,</span> <span class='ocrx_word' id='word_1_227' title='bbox 904 2513 942 2556; x_wconf 89' lang='lat' dir='ltr'>ne</span> <span class='ocrx_word' id='word_1_228' title='bbox 963 2494 1028 2576; x_wconf 77' lang='lat' dir='ltr'>qrris</span> <span class='ocrx_word' id='word_1_229' title='bbox 1051 2494 1207 2555; x_wconf 86' lang='lat' dir='ltr'>enuntiare</span> <span class='ocrx_word' id='word_1_230' title='bbox 1279 2543 1280 2572; x_wconf 13' lang='grc' dir='ltr'>ζ</span> 
     </span>
     <span class='ocr_line' id='line_1_28' title="bbox 251 2575 1280 2658; baseline -0.005 -18"><span class='ocrx_word' id='word_1_231' title='bbox 251 2585 351 2656; x_wconf 89' lang='lat' dir='ltr'>posset</span> <span class='ocrx_word' id='word_1_232' title='bbox 365 2586 483 2658; x_wconf 84' lang='lat' dir='ltr'>coepta,</span> <span class='ocrx_word' id='word_1_233' title='bbox 504 2587 534 2640; x_wconf 84' lang='lat' dir='ltr'>et</span> <span class='ocrx_word' id='word_1_234' title='bbox 554 2585 622 2640; x_wconf 85' lang='lat' dir='ltr'>ante</span> <span class='ocrx_word' id='word_1_235' title='bbox 637 2578 792 2640; x_wconf 87' lang='lat' dir='ltr'>decumam</span> <span class='ocrx_word' id='word_1_236' title='bbox 809 2578 868 2640; x_wconf 88' lang='lat' dir='ltr'>diei</span> <span class='ocrx_word' id='word_1_237' title='bbox 881 2578 987 2640; x_wconf 90' lang='lat' dir='ltr'>horam</span> <span class='ocrx_word' id='word_1_238' title='bbox 1001 2578 1109 2640; x_wconf 89' lang='lat' dir='ltr'>coactis</span> <span class='ocrx_word' id='word_1_239' title='bbox 1128 2575 1207 2637; x_wconf 88' lang='lat' dir='ltr'>miii·</span> <span class='ocrx_word' id='word_1_240' title='bbox 1279 2581 1280 2636; x_wconf 86' lang='lat' dir='ltr'>i</span> 
     </span>
    </p>

    <p class='ocr_par' dir='ltr' id='par_1_12' title="bbox 210 2659 1207 2908">
     <span class='ocr_line' id='line_1_29' title="bbox 210 2659 1207 2742; baseline -0.001 -21"><span class='ocrx_word' id='word_1_241' title='bbox 210 2659 331 2721; x_wconf 75' lang='lat' dir='ltr'>litibus</span> <span class='ocrx_word' id='word_1_242' title='bbox 354 2677 479 2738; x_wconf 88' lang='lat' dir='ltr'>corpora</span> <span class='ocrx_word' id='word_1_243' title='bbox 494 2679 599 2722; x_wconf 89' lang='lat' dir='ltr'>curare</span> <span class='ocrx_word' id='word_1_244' title='bbox 618 2678 781 2740; x_wconf 87' lang='lat' dir='ltr'>somnoque</span> <span class='ocrx_word' id='word_1_245' title='bbox 801 2680 921 2742; x_wconf 89' lang='lat' dir='ltr'>operam</span> <span class='ocrx_word' id='word_1_246' title='bbox 942 2660 1028 2733; x_wconf 90' lang='lat' dir='ltr'>dare,</span> <span class='ocrx_word' id='word_1_247' title='bbox 1051 2669 1083 2722; x_wconf 82' lang='lat' dir='ltr'>ut</span> <span class='ocrx_word' id='word_1_248' title='bbox 1102 2661 1207 2740; x_wconf 88' lang='lat' dir='ltr'>primis</span> 
     </span>
     <span class='ocr_line' id='line_1_30' title="bbox 252 2740 1207 2825; baseline 0.001 -23"><span class='ocrx_word' id='word_1_249' title='bbox 252 2740 382 2802; x_wconf 86' lang='lat' dir='ltr'>tenebris</span> <span class='ocrx_word' id='word_1_250' title='bbox 392 2744 549 2803; x_wconf 80' lang='lat' dir='ltr'>convenire</span> <span class='ocrx_word' id='word_1_251' title='bbox 565 2741 602 2803; x_wconf 89' lang='lat' dir='ltr'>ad</span> <span class='ocrx_word' id='word_1_252' title='bbox 616 2743 732 2822; x_wconf 79' lang='lat' dir='ltr'>signum</span> <span class='ocrx_word' id='word_1_253' title='bbox 747 2753 883 2823; x_wconf 83' lang='lat' dir='ltr'>possent,</span> <span class='ocrx_word' id='word_1_254' title='bbox 899 2744 994 2825; x_wconf 68' lang='lat' dir='ltr'>vigilia</span> <span class='ocrx_word' id='word_1_255' title='bbox 1005 2743 1099 2806; x_wconf 81' lang='lat' dir='ltr'>ferme</span> <span class='ocrx_word' id='word_1_256' title='bbox 1110 2743 1207 2823; x_wconf 89' lang='lat' dir='ltr'>prima</span> 
     </span>
     <span class='ocr_line' id='line_1_31' title="bbox 252 2824 1207 2908; baseline 0.001 -22"><span class='ocrx_word' id='word_1_257' title='bbox 252 2824 315 2888; x_wconf 94' lang='lat' dir='ltr'>tolli</span> <span class='ocrx_word' id='word_1_258' title='bbox 328 2827 413 2887; x_wconf 88' lang='lat' dir='ltr'>iussit</span> <span class='ocrx_word' id='word_1_259' title='bbox 426 2826 523 2905; x_wconf 74' lang='lat' dir='ltr'>signa,</span> <span class='ocrx_word' id='word_1_260' title='bbox 543 2825 698 2907; x_wconf 88' lang='lat' dir='ltr'>silentique</span> <span class='ocrx_word' id='word_1_261' title='bbox 715 2827 865 2907; x_wconf 88' lang='lat' dir='ltr'>proiectus</span> <span class='ocrx_word' id='word_1_262' title='bbox 879 2830 996 2908; x_wconf 75' lang='lat' dir='ltr'>agmine</span> <span class='ocrx_word' id='word_1_263' title='bbox 1014 2846 1082 2890; x_wconf 90' lang='lat' dir='ltr'>cum</span> <span class='ocrx_word' id='word_1_264' title='bbox 1097 2825 1133 2888; x_wconf 87' lang='lat' dir='ltr'>ad</span> <span class='ocrx_word' id='word_1_265' title='bbox 1145 2824 1207 2890; x_wconf 86' lang='lat' dir='ltr'>ila·</span> 
     </span>
    </p>

    <p class='ocr_par' dir='ltr' id='par_1_13' title="bbox 212 2910 1208 3160">
     <span class='ocr_line' id='line_1_32' title="bbox 212 2910 1208 2993; baseline 0.002 -23"><span class='ocrx_word' id='word_1_266' title='bbox 212 2917 245 2970; x_wconf 78' lang='lat' dir='ltr'>is</span> <span class='ocrx_word' id='word_1_267' title='bbox 255 2928 318 2973; x_wconf 89' lang='lat' dir='ltr'>mas</span> <span class='ocrx_word' id='word_1_268' title='bbox 334 2910 430 2972; x_wconf 89' lang='lat' dir='ltr'>media</span> <span class='ocrx_word' id='word_1_269' title='bbox 445 2917 532 2973; x_wconf 87' lang='lat' dir='ltr'>nocte</span> <span class='ocrx_word' id='word_1_270' title='bbox 547 2911 741 2991; x_wconf 81' lang='lat' dir='ltr'>pervenisset,</span> <span class='ocrx_word' id='word_1_271' title='bbox 764 2920 860 2974; x_wconf 87' lang='lat' dir='ltr'>castra</span> <span class='ocrx_word' id='word_1_272' title='bbox 877 2912 1024 2993; x_wconf 84' lang='lat' dir='ltr'>Campana</span> <span class='ocrx_word' id='word_1_273' title='bbox 1040 2919 1074 2974; x_wconf 88' lang='lat' dir='ltr'>ut</span> <span class='ocrx_word' id='word_1_274' title='bbox 1092 2912 1125 2972; x_wconf 92' lang='lat' dir='ltr'>in</span> <span class='ocrx_word' id='word_1_275' title='bbox 1138 2927 1208 2990; x_wconf 89' lang='lat' dir='ltr'>per·</span> 
     </span>
     <span class='ocr_line' id='line_1_33' title="bbox 252 2993 1208 3076; baseline 0.001 -21"><span class='ocrx_word' id='word_1_276' title='bbox 252 2996 351 3074; x_wconf 77' lang='lat' dir='ltr'>vigilio</span> <span class='ocrx_word' id='word_1_277' title='bbox 366 2993 501 3074; x_wconf 73' lang='lat' dir='ltr'>neglecta</span> <span class='ocrx_word' id='word_1_278' title='bbox 514 2995 600 3057; x_wconf 91' lang='lat' dir='ltr'>simul</span> <span class='ocrx_word' id='word_1_279' title='bbox 616 2993 753 3057; x_wconf 89' lang='lat' dir='ltr'>omnihus</span> <span class='ocrx_word' id='word_1_280' title='bbox 767 2997 860 3076; x_wconf 86' lang='lat' dir='ltr'>portis</span> <span class='ocrx_word' id='word_1_281' title='bbox 871 2995 998 3066; x_wconf 76' lang='lat' dir='ltr'>invadit:</span> <span class='ocrx_word' id='word_1_282' title='bbox 1014 2994 1086 3057; x_wconf 86' lang='lat' dir='ltr'>ahos</span> <span class='ocrx_word' id='word_1_283' title='bbox 1101 3010 1208 3056; x_wconf 89' lang='lat' dir='ltr'>somno</span> 
     </span>
     <span class='ocr_line' id='line_1_34' title="bbox 253 3077 1207 3160; baseline 0.001 -21"><span class='ocrx_word' id='word_1_284' title='bbox 253 3085 374 3150; x_wconf 88' lang='lat' dir='ltr'>stratos,</span> <span class='ocrx_word' id='word_1_285' title='bbox 386 3077 458 3142; x_wconf 89' lang='lat' dir='ltr'>aiios</span> <span class='ocrx_word' id='word_1_286' title='bbox 469 3085 639 3160; x_wconf 89' lang='lat' dir='ltr'>perpetrato</span> <span class='ocrx_word' id='word_1_287' title='bbox 650 3095 735 3140; x_wconf 88' lang='lat' dir='ltr'>sacro</span> <span class='ocrx_word' id='word_1_288' title='bbox 744 3080 866 3142; x_wconf 86' lang='lat' dir='ltr'>inermis</span> <span class='ocrx_word' id='word_1_289' title='bbox 877 3079 1028 3142; x_wconf 90' lang='lat' dir='ltr'>redeuntis</span> <span class='ocrx_word' id='word_1_290' title='bbox 1039 3077 1207 3140; x_wconf 81' lang='lat' dir='ltr'>obtruncat</span> 
     </span>
    </p>

    <p class='ocr_par' dir='ltr' id='par_1_14' title="bbox 211 3087 1279 3411">
     <span class='ocr_line' id='line_1_35' title="bbox 211 3160 1207 3249; baseline 0.001 -26"><span class='ocrx_word' id='word_1_291' title='bbox 211 3169 245 3223; x_wconf 77' lang='lat' dir='ltr'>iit</span> <span class='ocrx_word' id='word_1_292' title='bbox 254 3162 407 3226; x_wconf 91' lang='lat' dir='ltr'>hominum</span> <span class='ocrx_word' id='word_1_293' title='bbox 425 3181 460 3224; x_wconf 91' lang='lat' dir='ltr'>eo</span> <span class='ocrx_word' id='word_1_294' title='bbox 482 3162 608 3249; x_wconf 87' lang='lat' dir='ltr'>tumultu</span> <span class='ocrx_word' id='word_1_295' title='bbox 623 3171 768 3225; x_wconf 91' lang='lat' dir='ltr'>nocturno</span> <span class='ocrx_word' id='word_1_296' title='bbox 784 3181 867 3227; x_wconf 84' lang='lat' dir='ltr'>caesa</span> <span class='ocrx_word' id='word_1_297' title='bbox 887 3163 954 3243; x_wconf 88' lang='lat' dir='ltr'>pius</span> <span class='ocrx_word' id='word_1_298' title='bbox 969 3163 1028 3225; x_wconf 91' lang='lat' dir='ltr'>duo</span> <span class='ocrx_word' id='word_1_299' title='bbox 1042 3160 1125 3223; x_wconf 90' lang='lat' dir='ltr'>milia</span> <span class='ocrx_word' id='word_1_300' title='bbox 1139 3179 1207 3224; x_wconf 88' lang='lat' dir='ltr'>cum</span> 
     </span>
     <span class='ocr_line' id='line_1_36' title="bbox 253 3245 1208 3327; baseline -0.003 -18"><span class='ocrx_word' id='word_1_301' title='bbox 253 3248 317 3327; x_wconf 90' lang='lat' dir='ltr'>ipso</span> <span class='ocrx_word' id='word_1_302' title='bbox 334 3247 408 3308; x_wconf 89' lang='lat' dir='ltr'>duce</span> <span class='ocrx_word' id='word_1_303' title='bbox 423 3245 515 3308; x_wconf 90' lang='lat' dir='ltr'>liario</span> <span class='ocrx_word' id='word_1_304' title='bbox 531 3246 619 3317; x_wconf 88' lang='lat' dir='ltr'>liiiio,</span> <span class='ocrx_word' id='word_1_305' title='bbox 635 3248 713 3325; x_wconf 89' lang='lat' dir='ltr'>capti</span> <span class='ocrx_word' id='word_1_306' title='bbox 732 3248 767 3286; x_wconf 75' lang='lat' dir='ltr'><em>u</em></span> <span class='ocrx_word' id='word_1_307' title='bbox 778 3253 807 3308; x_wconf 86' lang='lat' dir='ltr'>et</span> <span class='ocrx_word' id='word_1_308' title='bbox 818 3249 901 3325; x_wconf 82' lang='lat' dir='ltr'>signa</span> <span class='ocrx_word' id='word_1_309' title='bbox 916 3246 1053 3309; x_wconf 88' lang='lat' dir='ltr'>militaria</span> <span class='ocrx_word' id='word_1_310' title='bbox 1069 3254 1208 3326; x_wconf 86' lang='lat' dir='ltr'>quattuor</span> 
     </span>
     <span class='ocr_line' id='line_1_37' title="bbox 254 3332 424 3411; baseline 0 -20"><span class='ocrx_word' id='word_1_311' title='bbox 254 3338 284 3391; x_wconf 90' lang='lat' dir='ltr'>et</span> <span class='ocrx_word' id='word_1_312' title='bbox 296 3332 424 3411; x_wconf 81' lang='lat' dir='ltr'>triginta.</span> 
     </span>
    </p>

    <p class='ocr_par' dir='ltr' id='par_1_15' title="bbox 230 3412 1208 3488">
     <span class='ocr_line' id='line_1_38' title="bbox 230 3412 1208 3488; baseline 0.003 -17"><span class='ocrx_word' id='word_1_313' title='bbox 230 3420 243 3471; x_wconf 90' lang='lat'><em>1</em></span> <span class='ocrx_word' id='word_1_314' title='bbox 316 3412 441 3476; x_wconf 81' lang='lat' dir='ltr'>xxxvi.</span> <span class='ocrx_word' id='word_1_315' title='bbox 476 3413 625 3475; x_wconf 84' lang='lat' dir='ltr'>Gracchus</span> <span class='ocrx_word' id='word_1_316' title='bbox 642 3414 739 3476; x_wconf 90' lang='lat' dir='ltr'>minus</span> <span class='ocrx_word' id='word_1_317' title='bbox 754 3423 871 3478; x_wconf 89' lang='lat' dir='ltr'>centum</span> <span class='ocrx_word' id='word_1_318' title='bbox 888 3417 1014 3482; x_wconf 85' lang='lat' dir='ltr'>miiitum</span> <span class='ocrx_word' id='word_1_319' title='bbox 1030 3416 1142 3488; x_wconf 83' lang='lat' dir='ltr'>iactura</span> <span class='ocrx_word' id='word_1_320' title='bbox 1160 3431 1208 3475; x_wconf 85' lang='lat' dir='ltr'>oa·</span> 
     </span>
    </p>
   </div>
   <div class='ocr_carea' id='block_1_3' title="bbox 255 3496 1278 3638">
    <p class='ocr_par' dir='ltr' id='par_1_16' title="bbox 255 3496 1278 3638">
     <span class='ocr_line' id='line_1_39' title="bbox 255 3496 1278 3590; baseline 0.008 -37"><span class='ocrx_word' id='word_1_321' title='bbox 255 3497 323 3555; x_wconf 77' lang='lat' dir='ltr'>stris</span> <span class='ocrx_word' id='word_1_322' title='bbox 337 3497 464 3557; x_wconf 87' lang='lat' dir='ltr'>hostium</span> <span class='ocrx_word' id='word_1_323' title='bbox 480 3498 589 3576; x_wconf 91' lang='lat' dir='ltr'>potitus</span> <span class='ocrx_word' id='word_1_324' title='bbox 600 3498 705 3559; x_wconf 88' lang='lat' dir='ltr'>Gumas</span> <span class='ocrx_word' id='word_1_325' title='bbox 716 3516 749 3559; x_wconf 89' lang='lat' dir='ltr'>se</span> <span class='ocrx_word' id='word_1_326' title='bbox 763 3517 889 3580; x_wconf 87' lang='lat' dir='ltr'>propere</span> <span class='ocrx_word' id='word_1_327' title='bbox 903 3502 1033 3582; x_wconf 87' lang='lat' dir='ltr'>recepit,</span> <span class='ocrx_word' id='word_1_328' title='bbox 1048 3496 1085 3559; x_wconf 91' lang='lat' dir='ltr'>ab</span> <span class='ocrx_word' id='word_1_329' title='bbox 1096 3497 1206 3559; x_wconf 85' lang='lat' dir='ltr'>llannl·</span> <span class='ocrx_word' id='word_1_330' title='bbox 1277 3581 1278 3590; x_wconf 9' lang='grc' dir='ltr'>ἶ</span> 
     </span>
     <span class='ocr_line' id='line_1_40' title="bbox 1277 3601 1278 3638; baseline 0 0"><span class='ocrx_word' id='word_1_331' title='bbox 1277 3601 1278 3638; x_wconf 84' lang='lat' dir='ltr'>i</span> 
     </span>
    </p>
   </div>
   <div class='ocr_carea' id='block_1_4' title="bbox 0 0 1292 4067">
    <p class='ocr_par' dir='ltr' id='par_1_17' title="bbox 0 0 1292 4067">
     <span class='ocr_line' id='line_1_41' title="bbox 0 0 1292 4067; baseline 0 0"><span class='ocrx_word' id='word_1_332' title='bbox 0 0 1292 4067; x_wconf 95' lang='lat' dir='ltr'> </span> 
     </span>
    </p>
   </div>
  </div>
 </body>
</html>
