2575 4067
240 266 333 310 cmuu
344 266 399 309 vu.
417 265 486 312 oar.
501 257 545 312 24.
560 257 604 314 to.
618 248 658 333 [a.
671 254 706 314 C.
722 259 783 316 350.
797 254 859 335 349]
990 263 1029 326 25

68 413 192 478 riendus
207 423 256 476 aut
272 413 385 476 dandus
401 422 445 477 est
458 418 587 495 sanguis.
619 417 791 498 propulistis
808 439 824 482 a
841 424 959 496 castris,
981 443 1030 487 su·

67 501 139 580 pina
156 496 231 560 valle
246 500 424 579 praecipites
448 501 564 577 egistis,
587 502 686 562 stratis
706 503 880 583 corporibus
902 506 1029 571 hostium

66 583 258 663 superstatis;
281 581 426 662 complete
443 583 546 645 eadem
568 594 667 663 strage
689 603 821 667 campos,
844 607 901 668 qua
922 594 1031 653 montis

65 665 214 746 replestis.
240 664 331 727 noiite
346 674 517 747 expectare,
543 667 613 729 dum
633 675 744 731 cuntes
757 687 809 730 vos
833 670 960 750 ingiant;
986 677 1063 737 lna

65 749 192 810 ferenda
207 757 275 811 sunt
290 750 382 829 signa,
402 758 432 813 et
443 750 606 813 vadendum
621 752 653 813 in
668 751 814 815 hostem.‘⁴
835 753 881 816 his
895 756 1031 821 adhorta·
1046 768 1062 817 a

65 833 200 906 tionibus
214 835 321 895 iterum
337 835 431 895 coorti
445 833 560 914 peliunt
575 833 640 897 loco
655 837 767 916 primos
781 837 946 919 manipulos
963 840 1030 903 Gai·

64 915 184 989 lorum,
208 918 309 978 anneis
338 916 444 980 deinde
473 919 504 979 in
530 918 659 981 medium
693 937 797 1000 agmen
824 933 1030 1004 perrumpunt,

63 1001 137 1064 inde
152 999 273 1062 barbari
291 1000 435 1083 dissipati,
455 1001 561 1083 qulbus
572 1021 628 1065 nec
639 1012 723 1066 certa
737 1005 861 1085 imperia
873 1025 929 1069 uec
940 1007 1061 1071 duoesa

65 1091 182 1155 essent,
205 1092 322 1146 vertunt
345 1086 487 1167 impetum
501 1087 532 1148 in
547 1105 631 1159 snos;
656 1087 771 1169 tusique
788 1107 843 1169 por
866 1107 986 1171 campos
1002 1100 1031 1155 et

63 1176 188 1250 praeter
196 1177 290 1231 castra
299 1170 385 1230 etiam
394 1169 521 1250 suaiuga
527 1170 659 1251 praelati,
667 1171 745 1253 quod
753 1172 946 1237 editissimum
953 1177 1030 1238 inter

65 1251 207 1332 aequales
218 1251 346 1315 tumulos
352 1253 528 1316 occurrebat
538 1253 639 1327 oculis,
656 1273 755 1318 arcem
761 1255 904 1320 Albanam
916 1266 1029 1339 potunt

65 1335 171 1398 consui
186 1354 246 1399 non
261 1336 338 1399 ultra
351 1347 445 1401 casua
461 1339 626 1411 insecutus,
643 1341 711 1419 quia
727 1347 757 1401 et
771 1338 875 1403 vulnus
890 1341 1029 1421 degrava-
1044 1351 1062 1403 a

64 1421 118 1483 bat
131 1429 162 1483 et
175 1420 311 1483 subicere
328 1424 492 1485 exercitum
501 1422 622 1485 tumulis
633 1423 670 1485 ab
685 1423 771 1486 hoste
782 1426 934 1505 occupatis
948 1424 1029 1488 noie-

63 1503 131 1577 bat,
143 1505 254 1586 pracda
266 1507 347 1567 omni
360 1515 524 1569 carnorum
539 1506 624 1569 militi
635 1507 702 1570 data
713 1509 854 1571 rictorem
869 1510 1029 1572 exercitum

64 1588 300 1670 opulentumque
325 1589 444 1652 Gallicis
469 1590 570 1673 spoliis
592 1591 717 1655 Romam
744 1592 871 1655 reduxit.
912 1612 1027 1656 moram
1040 1599 1072 1653 10

64 1673 220 1754 triumpho
231 1672 337 1735 vuinus
354 1673 484 1737 consuis
496 1674 606 1747 attulit,
623 1675 786 1757 eademque
803 1694 890 1739 eausa
906 1675 1028 1740 dictato-

65 1759 109 1818 ris
121 1756 301 1819 desiderium
317 1759 433 1820 senatui
444 1758 529 1830 iecit,
545 1765 578 1820 ut
593 1767 671 1821 esset
683 1760 735 1840 qui
749 1761 847 1839 aegris
858 1760 1029 1823 oonsulibus

65 1842 187 1903 comitia
204 1839 339 1903 haberet.
378 1840 504 1905 dirtator
521 1841 554 1904 L.
571 1841 678 1904 Furius
700 1842 839 1906 Camillus
854 1842 949 1906 dietum
975 1846 1026 1908 ad·
1039 1850 1067 1903 lt

65 1925 128 1986 dito
144 1926 286 2003 magistro
298 1926 429 2006 equitum
443 1925 474 1987 P.
492 1924 629 1989 Gorueiio
641 1926 780 2008 Scipione
796 1925 924 1988 reddidit
937 1930 1028 2009 patri·

64 2008 122 2070 bus
138 2010 355 2089 possessionem
373 2010 529 2090 pristinam
544 2008 723 2073 consolatus.
761 2011 772 2071 i
793 2030 825 2074 sa
842 2009 880 2072 ob
895 2011 925 2072 id
940 2014 1028 2074 meri-

64 2101 129 2155 tum
152 2094 265 2172 ingenti
286 2102 404 2175 patrum
425 2093 522 2156 studio
544 2102 662 2157 oreatus
685 2112 757 2156 cous
810 2093 953 2174 collegam
974 2098 1028 2177 ip.

64 2175 221 2241 Claudium
240 2177 376 2239 Crassum
393 2175 475 2239 dixit.

128 2260 215 2322 XXV.
244 2260 419 2342 Priusquam
435 2262 546 2323 inirent
567 2262 635 2323 nori
656 2258 793 2321 oousnles
814 2260 1055 2337 magistratuml

63 2344 235 2425 triumphus
256 2344 402 2426 aPopiiio
421 2346 457 2408 de
476 2344 566 2409 Gallis
584 2351 667 2407 actus
683 2359 791 2422 magno
811 2342 910 2405 iavore
923 2341 1027 2423 piebis,

63 2437 292 2509 mussantesque
306 2431 385 2492 inter
400 2449 432 2492 se
446 2429 631 2510 rogitabant,
650 2446 722 2491 num
741 2445 829 2507 quem
843 2424 942 2508 plebei
958 2446 1029 2489 eon·

64 2514 137 2577 sniis
152 2516 326 2594 paeniteret.
359 2514 446 2576 simul
461 2514 635 2577 dictatorem
656 2509 863 2592 increpabant,
884 2513 935 2592 qui
956 2510 1058 2592 iegisa

65 2598 197 2660 Liciniae
209 2605 326 2679 spretae
337 2599 507 2661 mercedem
520 2593 736 2682 [consulatum]
747 2593 859 2675 privata
870 2596 1028 2678 cupiditate

66 2681 598 2829 nitidititiiioeittti
614 2680 1056 2845 itit‘tiitittts

65 2849 123 2911 init
136 2850 268 2928 insignis.
299 2848 375 2912 Galli
391 2868 427 2912 ex
441 2849 561 2913 Albanis
575 2848 739 2917 montibus,
762 2848 829 2927 qnia
850 2847 955 2911 hiemis
970 2850 1027 2911 rim

66 2933 130 3013 pati
145 2934 356 3014 nequiverant,
373 2952 429 3014 per
444 2952 564 3017 campos
577 2933 795 3013 maritumaque
811 2928 876 2991 loca
892 2932 956 3010 vagi
974 2950 1028 3010 po·

66 3014 262 3096 pulabantur;
296 3035 378 3079 mare
410 3019 552 3081 infestum
579 3015 722 3080 classibus
751 3016 931 3078 Graecorum
966 3020 1059 3075 erati

67 3119 179 3181 oraque
194 3101 289 3164 litoris
305 3103 429 3164 Antiatis
439 3102 629 3182 Laurensque
645 3106 758 3163 tractus
772 3106 802 3161 et
814 3096 930 3159 Tiberis
945 3098 1028 3168 ostia,

67 3185 281 3266 ut'praedones
295 3186 435 3249 maritimi
452 3205 519 3248 oum
534 3184 727 3249 terrestribus
741 3182 893 3261 congressi
908 3181 1028 3261 ancipiti

68 3268 159 3331 semei
174 3270 290 3350 proelio
308 3270 502 3342 decertarint,
523 3269 661 3350 dubiique
677 3265 868 3329 invenerint
887 3265 918 3326 in
933 3273 1029 3326 eastra

68 3351 158 3423 Galli,
176 3354 283 3416 Graeci
300 3362 380 3417 retro
397 3355 435 3417 ad
451 3371 553 3425 naves,
570 3354 662 3413 uictos
685 3368 717 3412 se
737 3368 775 3413 an
797 3348 923 3410 victores
944 3358 1028 3429 puta·

68 3445 143 3499 rent.
175 3439 255 3501 inter
266 3438 322 3501 iros
336 3438 424 3519 louge
439 3437 584 3501 maximin
600 3436 695 3498 extitit
708 3443 823 3504 terror,
840 3431 962 3495 concilia
975 3438 1061 3514 po·5

68 3516 205 3597 polorum
229 3522 403 3586 Latinorum
424 3523 462 3585 ad
482 3521 580 3585 lucum
602 3519 779 3582 Ferentinae
793 3515 892 3579 habita
907 3534 1029 3598 respou-
