2575 4067
251 246 343 288 urens
359 247 447 288 mu.
464 241 532 289 eae.
550 226 592 287 26,
606 237 650 287 27.
669 226 709 307 [a.
724 233 758 290 0.
775 229 835 311 216]
962 234 1022 295 345

71 395 164 472 magis
177 411 352 474 prosperum
372 393 521 454 Romanis,
559 394 594 453 P.
619 400 649 452 et
669 393 721 454 Cu.
744 393 930 472 Scipionibus
946 397 1049 457 interr

17 485 22 493 '
71 495 103 538 se
116 478 231 556 partitis
247 479 359 557 copias,
382 484 414 537 ut
432 478 548 538 Gnaeus
564 483 659 545 terra,
681 473 802 535 Publius
821 477 941 539 naribus
959 497 1022 543 rac.

71 567 202 638 gereret,
218 558 383 621 Hasdrubal
394 560 564 620 Poenorum
577 560 755 639 immmtor,
774 561 872 619 neutri
892 565 968 638 parti
982 581 1022 622 rr·

70 645 148 703 rium
162 644 232 704 satis
248 643 358 714 fidens,
374 641 478 722 procul
494 642 530 703 ab
546 643 630 703 hoste
641 640 794 703 intervallo
810 659 844 702 ac
859 641 930 702 locis
945 651 1023 706 tutus

69 725 188 794 tenebat
202 745 247 796 se,
270 726 366 806 quoad
377 725 501 787 muitrrm
513 743 547 787 ac
562 725 612 786 diu
623 724 780 786 obtestanti
797 733 934 804 quattuor
944 726 1024 788 milia

69 809 201 888 peditum
213 816 242 869 et
253 812 336 879 ,mile
349 810 461 886 equites
482 810 513 870 iu
528 808 764 888 supplementum
780 810 861 868 missi
876 827 912 869 ex
927 809 1023 870 dirlca

68 900 146 953 sunt.
180 899 243 952 turn
256 894 366 954 reiecta
380 891 499 962 tandem
513 910 566 972 spe
579 901 676 953 castra
693 894 814 971 propius
830 892 945 953 hostem
961 901 1050 953 nro-t

69 977 124 1045 rit,
143 973 325 1055 classemque
339 983 369 1037 et
382 976 445 1055 ipse
461 975 568 1036 instrui
588 977 745 1054 pararique
765 974 847 1035 iubet
863 975 899 1036 ad
915 975 1024 1036 insulas

69 1058 313 1138 maritumamque
335 1076 417 1119 oram
437 1059 598 1120 tutandam.
637 1060 668 1119 ln
686 1061 750 1138 lpse
774 1060 885 1138 impetu
906 1067 1051 1120 meren-t

70 1141 175 1202 darum
192 1140 228 1201 dc
243 1142 358 1220 integro
378 1159 479 1203 rerum
501 1141 626 1222 perculit
651 1160 718 1203 eum
738 1142 955 1221 praefectorum
972 1161 1023 1203 na·

69 1226 147 1284 vitun
165 1225 313 1294 transitio,
329 1226 380 1304 qul
393 1233 460 1304 post
471 1223 594 1287 classem
610 1225 647 1286 ad
662 1223 803 1286 Hiberum
818 1242 873 1303 per
886 1244 1023 1305 pavorem
1049 1293 1052 1298 ,

70 1306 217 1367 desertam
233 1309 360 1385 graviter
374 1309 511 1386 increpiti
524 1326 684 1388 numquam
699 1308 805 1369 deinde
827 1310 896 1369 satis
911 1310 961 1370 lidi
975 1317 1024 1369 aut
1074 1368 1077 1375 ,

68 1390 136 1451 duel
171 1398 220 1450 aut
244 1391 527 1468 Carthaginiensium
552 1390 641 1452 rebus
668 1392 794 1452 luerent.
832 1392 962 1453 lecerant
992 1392 1048 1452 hle

68 1473 237 1551 transfugae
259 1483 371 1535 motum
391 1476 422 1534 in
440 1475 641 1537 Tartesiorum
660 1483 763 1552 gente,
784 1473 1024 1555 desciverantque

67 1558 103 1617 iis
117 1556 284 1618 auctoribus
299 1556 388 1619 urbes
405 1557 531 1638 aliquot;
555 1575 613 1618 una
635 1559 722 1619 etiam
744 1556 781 1617 ab
795 1558 867 1636 ipsis
887 1561 915 1620 ri
939 1567 1024 1637 capta

67 1641 172 1701 iuerat.
205 1642 236 1700 in
258 1659 323 1701 eam
343 1649 461 1719 gentem
481 1659 597 1702 versum
617 1641 655 1716 ab
673 1641 813 1702 Romanis
834 1640 943 1704 bellum
971 1647 1054 1712 esto

67 1723 233 1803 infestoque
254 1726 385 1784 exercitu
400 1723 563 1785 Hasdrubal
588 1727 738 1803 ingressus
761 1743 864 1803 agrum
894 1727 1023 1788 lrosliunr

24 1813 28 1820 ’
67 1824 123 1886 pro
139 1815 240 1885 captae
252 1814 320 1867 ante
337 1806 399 1867 dies
412 1824 520 1885 paucos
535 1807 785 1869 urbismoenibus
801 1808 954 1880 Chalbum,
971 1828 1023 1870 no·

67 1888 158 1955 bilem
173 1890 374 1951 Tartesiorum
391 1888 511 1959 ducem,
534 1899 601 1950 cum
615 1890 710 1950 valido
726 1894 859 1952 exercitu
874 1895 977 1954 castris
993 1911 1024 1953 se

68 1980 233 2043 tenentem,
252 1972 374 2050 adgredi
387 1974 495 2034 statuit.
521 1974 681 2050 praemissa
690 1974 780 2050 igitur
795 1974 851 2033 levi
864 1972 1050 2045 armaturas

68 2073 143 2135 quae
158 2054 277 2116 eliceret
290 2057 383 2117 hostis
397 2055 434 2116 ad
449 2067 613 2126 certamen,
636 2056 766 2135 equitum
781 2065 897 2134 partem
917 2058 952 2118 ad
974 2057 1023 2117 de·

67 2137 267 2218 populandum
281 2157 336 2219 per
351 2157 437 2218 agros
453 2141 562 2219 passim
577 2139 686 2200 dimisit
706 2148 736 2200 et
748 2145 780 2199 ut
799 2138 925 2217 palantis
946 2142 1023 2200 excl-

67 2229 182 2302 perent.
217 2221 354 2284 simulet
379 2222 416 2283 ad
440 2231 535 2284 castra
555 2221 695 2284 tumultus
717 2229 781 2283 crat
801 2228 831 2282 et
857 2240 912 2300 per
938 2229 1052 2300 agrost
1077 2249 1081 2256 -

67 2305 194 2385 fugaque
210 2314 240 2366 et
254 2305 373 2375 caedes;
389 2306 495 2367 deinde
505 2306 635 2385 undique
652 2305 773 2366 diversis
788 2304 943 2367 itineribus
958 2323 1025 2366 cum

67 2390 99 2449 in
122 2396 218 2450 castra
244 2407 275 2449 se
299 2390 496 2469 recepissent,
521 2389 593 2451 adeo
620 2397 743 2468 repente
765 2388 892 2450 decessit
921 2390 1024 2450 animis

55 2490 175 2551 -paror,
190 2480 224 2533 ut
238 2490 298 2532 non
313 2471 350 2532 ad
365 2474 547 2533 munimenta
561 2472 650 2533 modo
668 2471 853 2533 defendenda
872 2474 942 2533 satis
963 2473 1024 2533 ani·

69 2571 185 2619 morum
199 2563 290 2626 esset,
313 2555 469 2617 sedetiam
491 2554 527 2616 ad
545 2554 748 2616 lacessendum
769 2555 884 2634 proelio
899 2556 1023 2617 hostem.

70 2646 228 2717 erumpunt
246 2638 335 2717 igitur
355 2642 471 2717 agmine
487 2657 503 2699 e
521 2640 624 2700 castris
640 2638 837 2718 tripudiantes
858 2657 942 2702 more
962 2643 1053 2708 suot

69 2722 281 2801 repentinaque
302 2741 404 2784 eorum
428 2722 548 2784 audacia
572 2731 718 2784 terrorem
738 2723 823 2798 *hosti
843 2723 930 2804 paulo
956 2731 1024 2784 ante

70 2802 147 2863 ultro
162 2803 317 2864 lacessenti
331 2807 462 2867 incussit.
491 2806 587 2884 itaque
602 2815 632 2866 et
649 2808 711 2884 ipse
731 2807 895 2867 Hasdrubal
917 2809 947 2867 in
962 2804 1021 2866 col·
1036 2810 1066 2864 td

70 2883 129 2944 lem
141 2886 210 2945 satis
226 2885 365 2955 arduum,
382 2888 502 2948 llumine
513 2890 599 2947 etiarn
611 2885 726 2947 obiecto
737 2895 831 2948 tutum
842 2890 940 2967 coplas
955 2886 1023 2948 sub·

70 2966 152 3027 ducit
164 2974 194 3027 et
208 2969 399 3046 praemissam
413 2969 507 3032 levem
526 2975 705 3030 armaturam
721 2971 891 3049 equitesque
913 2969 1025 3048 palatos

69 3049 175 3111 eodem
194 3051 315 3128 recipit,
339 3065 395 3112 nec
409 3050 533 3113 autcolli
550 3060 599 3112 aut
612 3052 726 3113 lluminl
737 3054 806 3121 satis
820 3051 914 3113 fidens
931 3059 1026 3114 castra
1077 3112 1079 3116 ,

70 3132 145 3194 vallo
159 3135 318 3214 permunit.
349 3135 452 3196 invlroo
468 3133 580 3195 alterno
603 3153 711 3214 pavore
732 3137 893 3196 certamina
914 3136 1065 3212 aliquotit
1109 3188 1113 3194 .
1160 3164 1164 3170 ·

70 3224 139 3279 sunt
154 3224 313 3279 contracta.
347 3236 403 3279 nec
417 3216 541 3279 Numida
556 3218 685 3297 Hispano
701 3235 791 3296 eques
812 3237 867 3299 par
882 3218 949 3289 luit,
971 3233 1026 3277 nec

70 3300 213 3363 iaculator
228 3301 346 3362 Maurus
362 3310 507 3371 caetrato,
532 3301 683 3362 velocitate
708 3302 787 3380 pari,
808 3301 916 3362 robore
937 3301 1027 3360 animi

71 3384 236 3466 viriumque
252 3383 432 3464 aliquantum
446 3386 616 3464 praestanti.
660 3383 771 3445 xxvii.
801 3386 958 3448 Postquam
973 3389 1050 3445 net

26 3497 29 3501 ⁴
71 3487 129 3556 que
141 3468 248 3530 elicere
254 3469 386 3530 Poenum
399 3469 435 3529 ad
448 3466 596 3529 certamen
608 3466 755 3532 obversati
766 3471 869 3531 castris
880 3476 1025 3550 poterant,
