2575 4067
235 235 300 300 228
384 249 478 292 crees
491 248 556 292 m.
568 246 637 291 ear.
655 234 700 289 28.
715 235 759 288 29.
774 234 819 290 30.
836 226 876 309 [a.
892 251 924 291 n.
939 249 966 291 e.
980 226 1043 309 536]

236 399 340 460 tremis
354 395 391 458 ab
413 413 491 476 aqua
515 396 719 475 trepidationis
738 394 919 475 aliquantum
934 393 1076 464 edebant,
1100 393 1204 457 donec

239 483 368 562 quietem
391 482 456 559 ipse
475 481 564 541 timor
593 478 906 560 circumspectantibus
934 495 1041 558 aquam
1066 477 1201 541 fecisset.

197 571 229 625 it
240 562 377 627 excidere
392 564 479 624 eiiam
493 563 656 625 saevientes
672 562 791 642 quidam
806 563 838 622 iu
852 561 977 633 ilumen,
996 560 1049 622 sed
1061 560 1202 642 pondere

236 651 301 728 ipso
318 645 437 709 stabiles
458 644 579 708 deiectis
599 645 767 709 rectoribus
788 644 964 725 quaerendis
983 644 1201 725 pedetemptim

238 731 319 793 radis
334 732 366 792 in
381 739 493 793 terram
506 747 637 792 evasere.

211 821 225 875 i
298 814 400 876 XXIX.
429 814 505 875 Dum
527 812 677 894 elephanti
696 811 887 883 traiciuntur,
910 812 1030 877 interim
1050 810 1201 873 Hannibal

237 897 378 961 Numidas
398 899 510 977 equites
538 898 715 977 quingentos
743 894 780 956 ad
805 902 901 958 eastra
922 895 1055 957 &mana
1078 894 1202 956 miserat

238 980 428 1062 speculatum,
442 979 495 1041 ubi
507 987 538 1042 et
550 988 677 1061 quantae
690 979 791 1060 copiae
806 986 904 1041 essent
918 986 948 1040 et
962 978 1032 1058 quid
1046 987 1198 1058 pararent.

211 1066 308 1127 thuic
322 1063 384 1126 alae
399 1066 530 1144 equitum
541 1065 636 1135 missi,
652 1071 686 1126 ut
695 1069 764 1125 ante
778 1062 890 1124 dicam
900 1069 960 1133 est,
977 1061 1015 1123 ab
1027 1062 1103 1124 ostio
1116 1061 1199 1123 Rho·

239 1149 309 1210 dani
328 1149 454 1210 trecenti
472 1147 674 1210 Romanorum
696 1147 809 1226 equites
838 1153 1008 1207 occurramt
1051 1144 1200 1226 proelium

114 1307 117 1314 .
212 1233 369 1294 eutimius
384 1250 472 1313 quam
484 1248 540 1312 pro
552 1248 677 1293 numero
687 1230 879 1309 pugnantium
894 1228 1006 1292 editur:
1027 1245 1097 1292 nam
1111 1246 1199 1309 prae·

240 1314 388 1377 termulis
404 1314 525 1377 vulnera
539 1313 645 1377 caedes
668 1315 757 1375 etiam
778 1330 873 1392 prope
892 1330 947 1393 par
964 1314 1113 1393 utrimque
1133 1312 1199 1382 iuit,

240 1399 367 1479 iugoque
383 1406 412 1460 et
425 1415 516 1478 paror
529 1397 723 1461 Numidarum
738 1397 878 1459 Romame
892 1398 951 1458 iam
966 1395 1124 1461 admodum
1139 1395 1199 1457 ies·

240 1483 281 1542 sis
300 1483 453 1543 victoriam
476 1481 566 1542 dedit
602 1482 729 1542 victores
754 1479 792 1541 ad
812 1487 932 1541 centum
956 1481 1121 1559 sexaginta,
1142 1497 1200 1541 uec

242 1582 346 1626 omnes
361 1564 501 1634 Romani,
517 1563 571 1624 sed
585 1582 655 1643 pars
669 1562 833 1634 Gallorum,
854 1564 924 1624 victl
938 1562 1064 1642 amplius
1079 1563 1200 1625 ducenti

214 1646 423 1709 iceciderunt.
456 1646 513 1708 hec
531 1647 709 1726 principium
722 1645 808 1708 simul
825 1663 971 1726 omenque
985 1645 1057 1708 belli
1069 1654 1101 1709 ut
1114 1662 1198 1707 sum·

241 1747 307 1790 mae
321 1746 422 1790 rerum
436 1745 613 1809 prosperum
624 1737 774 1800 eventum,
788 1731 829 1790 lta
839 1729 919 1791 haud
932 1747 1003 1792 sane
1012 1731 1198 1793 incruentam

241 1813 434 1892 ancipitisque
449 1813 618 1875 certaminis
633 1815 785 1875 victoriam
800 1813 939 1875 Romanis
954 1812 1113 1893 portendit.

215 1902 233 1956 t
305 1894 345 1957 Ut
358 1913 392 1957 re
404 1896 445 1957 ita
462 1902 543 1974 gesta
554 1895 590 1957 ad
604 1904 762 1977 uirumque
777 1896 883 1959 ducem
897 1898 944 1959 sui
960 1896 1126 1968 redieruut,
1142 1914 1198 1958 nec

241 1978 374 2058 Scipioni
387 1986 466 2042 stare
480 1981 625 2042 sententia
638 1988 769 2061 poterat,
791 1982 848 2041 nisi
869 1988 902 2043 ut
915 1998 952 2042 ex
967 1979 1096 2043 consiliis
1110 1998 1197 2060 coep·

215 2062 336 2142 tllsque
355 2063 448 2125 hostis
467 2064 581 2144 etipse
600 2071 723 2125 conatus
743 2071 876 2143 caperet,
900 2072 931 2126 et
943 2063 1140 2129 Hannibalern
1151 2065 1197 2126 in·

242 2154 366 2218 ceruum,
381 2154 482 2210 uuum
500 2155 637 2228 coeptum
652 2149 684 2208 in
697 2146 993 2211 Italiamiuteuderet
1005 2149 1064 2210 iter
1079 2166 1117 2211 an
1131 2166 1199 2210 cum

242 2248 293 2303 eo,
316 2232 367 2312 qul
382 2232 496 2311 primus
515 2248 548 2292 se
570 2230 724 2293 obtulisset
741 2231 891 2294 Romanus
914 2233 1078 2305 exercitus,
1094 2249 1199 2294 manus

242 2321 427 2386 consereret,
443 2316 548 2377 avortit
562 2332 579 2376 a
593 2316 743 2394 praesenti
752 2317 913 2378 certamine
928 2315 1070 2378 Boiorum
1086 2314 1198 2395 legato·

241 2414 309 2459 rum
329 2396 482 2477 regulique
506 2398 611 2477 tragali
633 2398 789 2471 adrentus,
811 2400 861 2479 qul
883 2417 915 2461 se
937 2398 1027 2462 duces
1047 2401 1197 2471 itinerum,

242 2482 338 2541 socios
362 2480 488 2560 periculi
505 2480 570 2542 iore
595 2481 785 2545 adfirmantes
809 2483 928 2562 integro
952 2481 1032 2544 bello
1052 2501 1197 2564 nusquam

212 2568 230 2618 7
243 2569 311 2623 ante
324 2562 422 2624 libatis
436 2563 547 2624 viribus
563 2563 675 2625 ltaliam
689 2565 920 2644 adgrediendam
937 2574 1069 2628 censent
1098 2566 1198 2628 multi-

242 2642 313 2703 tudo
327 2645 450 2706 timebat
461 2646 580 2725 quidem
594 2646 709 2709 hostem
724 2650 856 2712 nondum
873 2649 1037 2712 oblitterata
1051 2650 1198 2711 memoria

241 2728 403 2804 superioris
416 2726 501 2798 beili,
522 2728 576 2790 sed
592 2731 686 2809 magis
699 2733 756 2793 lter
769 2735 937 2796 inmensum
951 2732 1107 2814 Alpesque,
1128 2748 1196 2793 rem

241 2809 433 2890 laurentique
449 2811 612 2891 inexpertis
625 2813 818 2889 horrendam,
835 2816 993 2880 metuebat.

214 2900 228 2954 i
302 2892 391 2957 XXX.
421 2895 522 2976 ltaque
536 2893 697 2972 EmnibaI,
717 2908 872 2982 postquam
885 2903 944 2982 ipsi
957 2899 1104 2962 sententia
1117 2899 1199 2961 stetit

241 2995 367 3058 pergem
382 2980 428 3042 ire
443 2987 530 3062 atque
544 2980 657 3043 ltaliam
673 2990 788 3063 petere,
815 2985 954 3047 advocata
967 2983 1106 3046 contione
1119 2984 1200 3044 varie

212 3061 366 3126 tmilltum
380 3072 478 3126 versat
492 3066 606 3126 animos
623 3067 793 3145 castigando
815 3067 1073 3148 adhortandoque:
1095 3067 1200 3129 mirari

241 3163 288 3216 se,
303 3147 423 3227 quinam
437 3155 559 3228 pectora
571 3166 690 3228 semper
710 3152 855 3232 impavida
875 3170 985 3233 repens
999 3159 1100 3213 terror
1116 3151 1199 3211 inva-

239 3229 403 3375 seritflper
417 3239 461 3332 tqt
475 3248 569 3294 annos
585 3233 728 3295 vincentis
744 3253 795 3297 eos
807 3235 953 3317 stipendia
970 3236 1085 3307 iacere,
1102 3251 1201 3314 neque

122 3452 126 3455 ,
239 3319 313 3475 iti
332 3314 639 3463 iritii‘iii
655 3324 1199 3482 diadematibus

211 3483 341 3541 sessani
385 3480 550 3560 indignatos
579 3485 699 3557 deiude,
728 3486 806 3567 quod
829 3488 1008 3568 qmcumque
1033 3487 1200 3566 Saguntum
