2575 4067
317 230 410 274 mss
425 232 468 274 u.
484 230 553 276 osa.
570 220 610 273 11.
627 219 668 273 12.
684 209 725 296 [a.
742 213 777 277 c.
794 210 856 297 820]
1004 219 1065 283 loo

103 387 275 460 ctaompsr
300 376 427 460 aliciano
449 378 546 441 iraudi
566 382 696 461 spcciom
720 380 793 442 iuris
819 380 850 441 in
871 381 967 443 onitin
1005 387 1094 445 nont

100 463 203 543 probat
222 462 360 545 popualus
374 463 525 526 Romanus
540 464 737 543 ignominiosa
756 480 831 543 paco
849 399 986 544 Regiones
999 484 1063 528 sor·

99 548 192 609 ratasi
213 565 328 628 pacem
347 546 405 607 sibi
423 546 545 617 haheat,
578 545 711 627 legiones
730 553 831 627 captas
855 547 959 609 victori
978 552 1064 612 rasti·

98 636 168 693 tuat:
186 631 252 694 hoc
270 630 346 702 iiis,
362 630 420 692 hoo
440 630 622 703 foederibus,
637 631 695 693 hoc
715 629 862 693 fetialibus
878 632 1065 696 caerimoniis

97 711 218 793 tignum
244 723 324 777 snat
365 722 399 776 ut
417 714 536 795 nudam
556 723 589 777 tu
608 715 686 796 quod
706 715 806 795 petisti
823 732 878 797 par
900 717 1094 796 pactioncmi

96 796 221 871 habeas,
248 806 299 861 tot
319 799 397 861 circs
410 797 587 871 incolumes,
608 816 663 877 ago
681 816 798 883 paoem,
825 817 913 880 quam
937 799 992 861 hos
1012 799 1064 861 tibi

95 882 283 945 remittendo
308 889 411 964 pactus
430 900 510 955 stam,
538 899 598 944 non
623 881 762 954 habeam,
783 881 841 945 hoc
867 890 916 955 tu,
938 885 972 945 i„
991 884 1063 946 Cor·

96 963 167 1038 ccii,
192 967 259 1029 hoc
283 984 348 1038 roa,
375 964 508 1037 ietialos,
531 966 605 1028 iuris
625 964 761 1045 genibus
782 965 896 1030 dicitisi
917 985 972 1047 ogo
993 980 1103 1030 raroio

94 1048 178 1121 istos,
201 1068 286 1131 quos
300 1049 368 1111 dodi
380 1048 531 1120 simulatis,
550 1066 606 1111 nac
623 1051 737 1131 accipio
757 1068 814 1113 noo
835 1051 902 1115 dodi
920 1050 1058 1120 arbitror,

95 1149 148 1193 noc
162 1152 293 1204 moror,
315 1152 374 1213 quo
395 1134 493 1194 minus
506 1134 702 1195 maritatam
723 1132 880 1213 obligatam
906 1135 1064 1215 sponsione

94 1218 259 1281 commissa
282 1218 366 1279 iratis
394 1216 530 1278 omnibus
550 1216 621 1288 diis,
647 1235 772 1297 quorum
793 1216 922 1279 cluditur
941 1235 1061 1289 numen,

94 1300 232 1363 rcdaant.
277 1302 372 1381 garitc
399 1299 525 1372 mium,
551 1299 669 1380 quando
698 1301 749 1381 Sp.
780 1300 947 1364 Postumius
973 1300 1061 1364 modo
1073 1307 1100 1360 11

94 1379 229 1462 legatum
259 1383 391 1447 iciialam
418 1401 496 1464 genu
517 1381 653 1465 percidit
701 1385 742 1447 ita
764 1383 804 1446 dii
830 1383 953 1448 oratiam
978 1385 1061 1447 Sam·

94 1468 186 1529 uitam
203 1470 305 1531 ciram
320 1468 517 1539 Postumium,
540 1486 602 1531 non
626 1469 720 1530 ciram
744 1467 909 1532 Romanum
930 1487 1009 1540 csso,
1034 1477 1064 1531 at

95 1551 270 1615 aSamnitc
290 1551 419 1632 legatum
437 1551 603 1614 Romanum
619 1551 774 1616 violatum:
795 1571 831 1615 co
851 1551 933 1616 robis
953 1554 1062 1616 insitam

94 1633 124 1695 in
137 1652 196 1698 nos
211 1637 329 1699 iactum
346 1654 410 1698 osca
426 1634 546 1697 balium.
578 1636 652 1699 hacc
665 1635 792 1699 ludibria
806 1635 983 1717 callgionnm
998 1654 1058 1701 non
1073 1643 1104 1696 ii

9 1795 10 1798 Ἴ
95 1718 211 1795 pudore
226 1722 265 1783 in
279 1720 375 1782 lucem
396 1719 548 1800 profarre,
572 1722 664 1783 strix
683 1722 784 1801 pueris
804 1720 907 1801 dignas
923 1721 1062 1803 ambages

96 1818 183 1864 senos
205 1823 244 1867 ac
267 1804 437 1867 consulares
454 1804 600 1867 fallendas
620 1805 689 1866 tidoi
711 1806 879 1885 aquiraroi
915 1807 940 1878 i,
961 1806 1103 1877 licionio

97 1884 183 1949 domo
198 1886 301 1951 vincia
318 1888 473 1958 Romanis:
488 1898 620 1950 moratus
636 1892 675 1951 sit
688 1907 789 1960 nomo,
806 1909 864 1970 quo
881 1891 993 1963 minus,
1009 1889 1061 1953 ubi

97 1969 191 2033 rhum
206 1972 316 2043 inerit,
339 1973 477 2035 ὡρεων·
508 1981 537 2034 at
559 1971 602 2032 iili
617 1971 736 2051 quidam
750 1972 873 2035 ioraiian
889 1982 918 2036 ct
932 1973 1059 2054 publica,

9 2123 10 2130 ἵ
97 2069 150 2116 ana
161 2065 252 2119 certe
273 2055 395 2126 liberata
415 2056 473 2118 iido
488 2054 525 2117 ab
540 2055 650 2118 Caudio
665 2057 697 2117 in
713 2063 807 2117 casira
821 2056 953 2118 Romana
966 2060 1058 2120 invio·

9 2133 10 2162 ²
99 2132 149 2198 lati
169 2141 338 2203 redierunt
381 2140 445 2203 xil.
477 2138 656 2201 Samnitibus
675 2156 730 2218 pro
751 2138 878 2218 auporha
898 2158 971 2219 paca
984 2141 1087 2202 inin-1

99 2222 266 2288 ocissimum
278 2224 466 2287 cernentibus
476 2231 612 2285 renatum
623 2220 731 2284 balium
740 2222 853 2293 omnia,
869 2240 944 2302 quaa
955 2223 1061 2284 deinde

102 2317 279 2383 evenerunt,
293 2327 353 2371 non
366 2311 398 2371 in
411 2309 517 2373 animis
531 2305 643 2378 solum,
659 2305 713 2368 scd
728 2323 822 2386 propa
836 2306 868 2367 in
882 2305 974 2368 oculis
988 2317 1090 2378 osani

102 2396 131 2448 ot
145 2408 215 2455 soro
241 2410 276 2456 ac
295 2394 474 2476 nequiquam
495 2391 615 2454 laudaro
634 2391 714 2452 sonis
725 2390 823 2452 Pontii
845 2399 970 2471 utraque
991 2408 1061 2452 con·

102 2470 179 2546 silia,
202 2480 286 2541 intcr
300 2496 375 2558 quas
389 2496 422 2539 so
445 2476 543 2539 media
564 2474 662 2556 lapsos
684 2475 824 2538 victorias
845 2476 1061 2557 possessionem

103 2571 176 2633 paco
202 2564 320 2625 incanta
341 2570 483 2633 mutasse,
506 2569 537 2623 et
549 2558 686 2622 beneficti
707 2569 736 2622 ct
755 2559 891 2622 maleficii
907 2562 1060 2624 occasione

105 2644 213 2707 amissa
231 2655 412 2726 pugnaturos
427 2664 494 2707 cum
512 2646 568 2715 ais,
584 2663 657 2725 quos
672 2646 823 2724 potuerint
838 2646 870 2706 in
885 2653 1062 2726 perpetuum

105 2722 151 2783 roi
164 2728 306 2792 inimicos
319 2729 424 2791 toliere
437 2729 484 2790 rei
499 2731 609 2791 amicos
624 2730 733 2791 facero.
760 2728 893 2810 adeoquo
910 2729 1061 2793 nullodum
1073 2736 1089 2789 3

107 2815 267 2875 conomius
286 2813 433 2875 inclinatis
453 2812 565 2875 onibus
585 2822 653 2893 post
669 2813 829 2876 Caudinam
850 2831 954 2892 pacem
971 2814 1062 2873 animi

108 2899 303 2971 mutaverant,
312 2907 346 2960 ut
352 2897 508 2961 clariorem
521 2896 753 2959 intchomanos
765 2895 874 2956 deditio
880 2896 1061 2956 Postumium

109 2987 194 3051 quam
213 2982 349 3044 Pontium
368 2983 522 3045 incruenta
548 2983 668 3043 victoria
686 2979 765 3040 inter
780 2979 926 3040 Samnites
941 2979 1060 3046 iaceret,

109 3062 215 3139 etgari
233 3083 321 3147 possa
336 3065 447 3128 bellum
463 3066 588 3128 Romani
603 3084 658 3146 pro
679 3062 801 3124 ricioria
815 3068 896 3123 certa
909 3058 1089 3131 haberanti

110 3137 251 3211 Samnites
271 3149 357 3214 simul
380 3147 538 3211 robollasso
553 3158 583 3210 ot
598 3150 701 3210 vicisse
716 3146 874 3209 crcdcront
886 3143 1060 3206 Romanum.

167 3230 248 3295 lnior
264 3235 338 3296 haec
353 3233 498 3295 Satricani
519 3232 555 3293 ad
570 3231 716 3293 Samnites
737 3229 925 3299 deiecerunt,
947 3235 977 3288 at
990 3226 1090 3289 Fre-o

111 3309 199 3383 coine
213 3317 327 3380 colonia
343 3316 517 3395 necopinato
538 3314 665 3375 adventu
681 3312 857 3376 Samnitium
873 3345 913 3358 —
928 3310 1018 3374 fuisso
1033 3319 1063 3373 ot

111 3389 275 3463 Satricanos
298 3421 366 3464 cum
385 3402 421 3461 iis
442 3401 512 3460 satis
534 3405 650 3460 constat
674 3430 713 3443 -
739 3402 826 3457 nocto
846 3402 987 3475 occupata
1007 3402 1061 3459 cat.

110 3474 194 3544 iimor
211 3485 281 3547 indo
296 3492 415 3547 mutuus
433 3492 574 3567 utrosque
595 3498 689 3564 usquo
712 3478 750 3542 ad
772 3478 868 3542 iucem
893 3481 1006 3562 quietos
1020 3489 1063 3544 ia·
