2575 4067
252 248 313 309 364
412 259 508 300 nmen
521 259 611 302 xxm.
628 257 700 301 oar.
712 247 755 300 43.
770 248 814 299 tt.
832 236 874 319 [a.
891 263 922 303 u.
939 263 965 303 c.
980 238 1045 321 539]

251 425 305 489 per
321 415 422 468 muros
436 404 621 468 inambulare
643 413 796 469 senatores
810 406 939 470 Nolanos
957 408 1042 470 iussit
1063 416 1094 468 et
1114 408 1216 471 omnia
1271 399 1272 474 l

224 491 331 552 teiroa
345 490 515 571 explorare,
533 508 608 570 quae
625 489 703 571 apud
718 491 818 552 hostes
837 491 951 556 tierent.
983 508 1019 553 ex
1033 490 1081 552 bis
1094 492 1215 563 llanno,
1271 529 1272 558 3

253 593 320 636 cum
337 573 373 636 ad
385 593 502 636 murum
515 574 900 648 successisset,llerennlum
910 575 1032 638 Bassum
1047 583 1078 637 et
1088 574 1215 637 Herium
1271 615 1272 632 t

252 659 379 721 Pettium
405 657 442 719 ad
470 656 660 737 conloquium
688 666 824 720 evocatos
849 660 1055 738 permissuque
1080 658 1217 720 Marcelli

211 749 244 801 to
254 761 389 823 egressos
403 759 457 820 per
473 742 667 821 interpretem
683 741 874 821 adloquitur:
889 740 1061 804 Hannibalis
1074 741 1215 804 virtutem

252 827 459 906 fortunamque
475 824 603 896 extollit:
621 825 722 907 populi
735 825 862 887 Romani
877 825 986 887 obterit
1000 832 1033 887 ut
1050 842 1214 887 senescen-

212 917 240 969 11
254 918 314 973 tem
343 928 410 971 cum
434 908 543 971 viribus
563 912 756 971 molestatam.
798 928 873 990 quae
894 911 919 971 si
939 910 1022 989 paria
1043 919 1159 980 essent,
1182 916 1216 970 ut

252 994 400 1074 quondam
412 992 551 1068 luissent,
569 1001 669 1055 tamen
683 994 825 1072 expertis,
844 1012 932 1073 quam
944 1010 1032 1073 grave
1045 992 1215 1055 Romanum

251 1078 410 1158 imperinm
429 1078 531 1147 sociis,
554 1085 663 1156 quanta
678 1075 860 1157 indulgentia
880 1074 1052 1140 Hannibalis
1075 1077 1166 1140 etiam
1184 1077 1216 1136 in

252 1162 382 1242 captivos
396 1163 492 1222 omnis
509 1159 602 1222 ltalici
618 1162 745 1223 nominis
762 1162 881 1231 luisset,
903 1160 1044 1222 Punicam
1061 1159 1215 1221 Romanae

211 1252 244 1304 12
255 1246 427 1307 societatem
443 1252 530 1324 atque
545 1246 702 1306 amicitiam
723 1243 954 1324 praeoptandam
970 1261 1044 1305 esse.
1077 1243 1103 1304 si
1126 1243 1214 1304 ambo

253 1328 389 1390 consules
401 1347 468 1389 cum
479 1329 540 1390 suis
553 1328 732 1390 exercitibus
744 1329 781 1389 ad
793 1328 898 1390 Nolam
910 1335 1022 1398 essent,
1040 1336 1141 1388 tamen
1154 1344 1213 1389 non
1273 1317 1274 1392 l

192 1417 195 1421 ’
253 1414 347 1491 magis
361 1430 450 1492 pares
463 1411 621 1474 llannibali
636 1412 765 1484 futuros,
787 1430 875 1491 quam
892 1411 929 1472 ad
945 1412 1059 1474 Cannas
1077 1411 1212 1482 luissent,

253 1496 361 1557 nedum
379 1503 499 1576 praetor
514 1514 590 1558 unus
602 1515 670 1558 eum
684 1498 785 1576 paucis
811 1504 840 1557 et
855 1497 937 1556 novis
951 1493 1092 1555 militibus
1107 1493 1213 1555 Nolam

211 1585 243 1638 it
255 1581 344 1641 tutari
358 1582 459 1659 possit.
495 1582 626 1659 ipsorum
648 1598 735 1660 quam
757 1578 926 1641 Hannibalis
945 1580 1104 1648 interesse,
1128 1587 1213 1656 capta

253 1681 290 1723 an
305 1663 412 1724 tradita
427 1662 500 1724 Nola
514 1670 682 1743 poteretur:
705 1664 866 1743 potiturum
885 1664 978 1733 enim,
994 1670 1028 1723 ut
1041 1661 1142 1740 Capua
1153 1660 1213 1722 Nu·

254 1746 391 1823 certaque
405 1747 516 1823 potitus
531 1754 624 1815 esset;
637 1747 690 1807 sed
706 1746 776 1826 quid
791 1747 870 1808 inter
886 1746 1002 1825 Capuae
1015 1763 1050 1806 ac
1066 1744 1213 1807 Nuceriae
1274 1751 1275 1770 ¹

251 1827 400 1889 lortunam
422 1830 593 1901 interesset,
610 1831 691 1909 ipsos
709 1848 803 1910 prope
828 1831 859 1889 in
875 1829 971 1890 medlo
996 1830 1068 1890 sitos
1083 1825 1213 1889 Nolanos

212 1917 243 1968 14
255 1911 341 1973 scire.
377 1911 456 1974 nolle
471 1914 610 1984 ominari,
634 1932 710 1994 quae
725 1921 827 1993 captae
843 1912 910 1974 urbi
929 1930 1032 1974 casura
1047 1912 1161 1982 lorent,
1185 1920 1214 1972 et

252 1996 350 2075 potins
365 1996 528 2076 spondere,
552 1999 577 2058 si
598 1996 769 2059 Marcellum
793 2015 859 2059 cum
881 1996 1029 2077 praesidio
1053 1993 1095 2056 ac'
1106 1994 1212 2057 Nolam
1257 2047 1261 2054 .

252 2078 456 2150 tradidissent,
480 2083 628 2142 neminem
649 2079 737 2142 alium
761 2099 850 2160 quam
871 2082 952 2159 ipsos
972 2080 1082 2159 legem,
1105 2080 1214 2159 quain

253 2165 424 2226 societatem
447 2165 664 2244 amicitiamque
683 2163 855 2226 llann'ibalis
875 2165 1024 2234 venirent,
1054 2163 1211 2225 dicturum.
1275 2207 1276 2212 η

226 2247 348 2309 lllLlV.
379 2246 423 2308 td
448 2266 482 2308 ea
497 2247 665 2309 Herennius
681 2248 788 2309 Bassus
821 2247 989 2327 respondit,
1026 2245 1137 2308 multos
1158 2255 1240 2308 an·‘

252 2349 307 2392 nos
329 2332 387 2392 iem
408 2333 487 2392 inter
508 2331 674 2393 Romanum
695 2331 900 2410 Nolanumque
924 2329 1065 2411 populum
1088 2331 1212 2391 amiciti·

253 2432 300 2475 am
318 2432 398 2485 esse,
421 2417 504 2476 cuius
525 2425 646 2478 neutros
669 2415 705 2476 ad
724 2434 788 2477 eam
807 2415 885 2476 diem
901 2416 1066 2494 paenitere,
1091 2423 1121 2475 et
1146 2413 1212 2483 sibi,

252 2500 277 2558 si
293 2516 360 2560 cum
376 2498 494 2560 lortuna
507 2499 647 2582 mutanda
659 2499 731 2559 fides
745 2499 848 2568 luerit,
865 2516 933 2559 sero
945 2500 1003 2559 iam
1015 2515 1081 2559 esse
1095 2502 1212 2558 mutare

224 2589 327 2642 ecam.
365 2600 406 2642 on
421 2582 563 2643 dedituris
583 2602 615 2644 se
629 2580 786 2643 Hannibali
806 2582 897 2643 inisse
919 2580 1133 2644 accersendum
1154 2579 1212 2642 lio·

253 2681 409 2724 manorum
425 2665 621 2744 praesidium?
652 2684 719 2727 cum
735 2667 785 2736 iis,
811 2668 861 2745 qui
882 2666 920 2734 ad
934 2684 999 2727 sese
1020 2663 1148 2726 tuendos
1162 2682 1211 2725 ve·

254 2747 379 2816 nissent,
396 2748 493 2806 omnia
508 2746 565 2806 sibi
580 2754 609 2808 et
623 2765 688 2809 esse
699 2751 866 2811 consociata
880 2758 910 2810 et
931 2750 967 2811 ad
985 2748 1121 2810 ultimum
1137 2749 1210 2808 lore.

224 2836 240 2887 3
313 2828 376 2891 lloc
393 2828 580 2909 conloquium
595 2830 715 2893 abstulit
727 2850 811 2912 spem
824 2832 981 2894 llannibali
997 2849 1052 2912 per
1067 2831 1211 2910 proditio·

253 2932 322 2976 nem
338 2914 525 2995 recipiendae
540 2914 647 2986 Nolae;
670 2917 767 2996 itaque
790 2934 900 2979 corona
923 2916 1063 2996 oppidum
1085 2917 1212 2976 circum·

226 2998 348 3070 adedit,
361 3006 395 3060 ut
409 2997 496 3059 simul
505 2998 541 3059 ab
553 3002 633 3060 omni
649 3007 733 3078 parte
747 3001 862 3061 moenia
874 2998 1096 3079 adgrederetur.
1123 3016 1211 3078 quem

253 3091 286 3144 ut
293 3084 462 3145 successisse
472 3084 564 3143 muris
575 3083 731 3145 Marcellus
741 3084 827 3153 vidit,
843 3085 987 3144 instructa
1003 3084 1080 3143 intra
1094 3091 1210 3161 portam

254 3168 317 3227 acie
338 3185 405 3228 cum
426 3183 533 3244 magno
554 3168 681 3229 tumultu
703 3168 808 3246 erupit.
847 3166 956 3247 aliquot
978 3167 1075 3246 primo
1098 3167 1211 3244 impetu

253 3248 382 3330 perculsi
396 3251 532 3328 caesique
548 3259 629 3321 sunt,
654 3251 721 3311 dein
738 3267 884 3313 concursu
905 3250 942 3311 ad
961 3250 1120 3332 pugnantis
1134 3249 1211 3309 lacto

253 3335 442 3414 aequatisque
456 3333 566 3397 viribus
581 3342 665 3396 atrox
680 3352 744 3397 esse
755 3336 852 3416 coepit
867 3351 981 3414 pugna;
995 3329 1211 3394 memorabilis·

253 3435 311 3495 que
334 3419 411 3478 inter
431 3435 539 3495 paucas
560 3417 678 3490 luisset,
705 3419 736 3479 ni
756 3417 924 3498 ingentibus
944 3415 1083 3497 procellis
1103 3417 1212 3477 eliusus

224 3497 349 3557 simper
372 3500 538 3561 diremisset
564 3503 729 3581 pugnantis.
773 3520 807 3562 eo
837 3503 885 3562 die
912 3502 1070 3563 commisso
1095 3499 1212 3561 modico
