2575 4067
272 279 434 323 11333111.
450 280 518 323 cun.
535 270 578 325 31.
593 269 636 325 32.
655 260 695 344 [3.
712 264 748 326 0.
764 262 824 345 313]
991 269 1032 333 33

66 446 213 507 negamus
220 447 228 498 ;
257 428 383 507 legatos,
401 429 477 490 sicut
499 429 543 490 las
564 431 668 509 iusque
691 441 749 502 est,
771 430 923 494 adsocies
945 439 1060 513 atquet

65 515 181 574 amicos
197 520 350 594 precatum
366 512 530 585 mittemus,
552 530 661 593 nequa
679 514 761 576 vobis
776 516 818 576 vis
833 516 912 577 1131.“
945 516 981 578 ad
996 535 1028 578 ea

63 599 210 678 princeps
231 594 386 676 legationis
407 598 511 657 —sic
532 597 614 658 enim
641 595 729 659 domo
755 599 923 660 mandatum
953 607 1027 662 3113-

64 679 221 741 lerant-
244 728 262 752 „
270 678 388 760 quando
402 678 520 760 quidem
530 688 548 712 “
572 681 668 761 inqult
687 691 814 753 „nostra
833 684 910 744 tueri
926 682 1026 745 adrer-

62 783 115 825 sus
137 766 199 825 rim
222 771 308 846 atque
328 764 467 826 iniuriam
488 765 564 826 iusta
586 766 614 825 11
635 782 695 826 333
716 765 815 837 131113,
838 774 933 828 133113
947 775 1027 830 33113

61 848 251 910 defendetis:
288 850 386 928 ltaque
411 847 553 929 populum
579 848 759 930 Campanum
785 849 949 929 urbemque
975 852 1055 913 Cas

60 951 173 1012 puam,
191 950 292 1011 33133,
309 930 431 993 delubra
448 931 549 1002 deum,
567 931 665 994 divina
679 933 865 1014 humanaque
882 937 980 996 omnia
995 936 1027 997 ln

60 1026 211 1088 vestram,
240 1023 339 1097 patres
360 1017 533 1095 conscripti,
560 1016 720 1097 populique
739 1018 864 1081 Romani
880 1017 1025 1081 dicionem

59 1101 220 1172 dedimuS,
250 1098 392 1181 quidquid
414 1099 520 1161 deinde
540 1101 687 1180 patiemur
707 1100 837 1164 dediticii
858 1104 947 1163 vestri
959 1121 1025 1184 pas·

60 1186 161 1246 suri.“
194 1183 248 1246 sub
261 1184 335 1245 haec
347 1183 423 1245 dicta
438 1201 541 1245 omnes
555 1202 660 1246 manus
674 1185 710 1246 ad
723 1185 858 1248 consules
875 1185 1055 1249 tendentest

59 1268 148 1349 pleni
167 1268 358 1330 lacrimarum
375 1269 407 1328 in
418 1266 560 1330 vestibulo
571 1270 670 1330 euriae
684 1269 916 1349 procubuerunt.
946 1279 1055 1333 com-t

60 1354 139 1414 moti
159 1360 261 1432 patres
284 1353 347 1413 1133
361 1351 546 1413 fortunarum
560 1350 770 1425 humanarum,
791 1356 817 1415 si
837 1352 887 1416 iile
900 1371 1026 1435 praepo·

60 1446 133 1500 tens
157 1435 263 1517 opibus
283 1435 427 1517 populus,
447 1435 562 1497 luxuria
583 1437 779 1520 superbiaque
798 1437 910 1509 clarus,
934 1457 1025 1519 aquo

59 1520 154 1602 paulo
172 1528 240 1581 ante
255 1518 395 1582 auxilium
410 1520 527 1580 finitimi
544 1522 702 1601 petissent,
723 1521 797 1584 adeo
816 1523 959 1584 infractos
975 1540 1024 1602 ge·

60 1612 148 1666 reret
163 1606 293 1676 animos,
317 1612 350 1665 ut
365 1623 397 1665 33
418 1604 481 1683 ipse
497 1622 607 1684 suaque
622 1607 720 1667 omnia
740 1608 893 1687 potestatis
914 1605 1026 1669 alienae

60 1690 189 1751 iaceret.
220 1696 284 1750 tum
304 1689 363 1748 lam
386 1688 458 1749 lldes
472 1689 519 1768 agl
533 1690 608 1760 sisa,
633 1689 747 1751 deditos
769 1708 829 1752 333
852 1690 953 1771 predi;
973 1699 1055 1752 3337

60 1774 216 1835 iacturum
231 1791 324 1853 aequa
340 1772 515 1833 Samnitium
530 1772 671 1853 populum
690 1774 863 1845 censebant,
882 1776 906 1836 si
921 1792 1024 1855 agrum

60 1856 233 1937 urbemque
243 1874 298 1937 per
309 1854 488 1917 deditionem
503 1856 610 1918 iactam
624 1857 726 1938 populi
738 1858 863 1919 Romani
873 1876 1024 1939 oppugna·

60 1949 143 2004 rent.
172 1939 285 2020 legatos
304 1941 403 2018 itaque
424 1940 570 2021 extemplo
591 1943 667 2002 mitti
687 1941 724 2003 ad
742 1942 886 2004 Samnites
906 1940 1053 2024 placuits

61 2026 133 2088 data
145 2024 298 2095 mandata,
313 2031 346 2084 31
356 2042 461 2104 preces
475 2025 705 2105 Campanorum,
720 2043 894 2106 responsum
906 2034 1025 2088 senatus

61 2110 216 2172 amicitiae
228 2109 402 2170 Samnitium
416 2125 539 2179 memor,
562 2108 740 2170 deditionem
753 2119 904 2190 postremo
917 2110 1023 2171 iactam

60 2191 248 2257 Samnitibus
261 2194 820 2274 313333133333131331313333131313
832 2194 1053 2272 amicitiaquet

60 2286 97 2341 ut
111 2276 257 2338 dediticiis
271 2277 331 2337 suis
345 2283 519 2356 parcerent,
534 2292 631 2355 neque
645 2276 677 2335 13
692 2291 759 2336 3313
774 2293 890 2354 331313,
906 2277 956 2355 qul
971 2294 1024 2355 po·

59 2360 128 2443 puli
139 2361 265 2422 Romani
278 2360 373 2423 iactus
389 2368 481 2430 esset,
498 2356 615 2421 hostilia
632 2376 713 2420 arma
727 2358 887 2428 iniero-enm
908 2360 933 2419 si
950 2357 1067 2419 leni-10

60 2455 111 2509 ter
134 2444 249 2524 agendo
269 2463 375 2525 parum
398 2445 590 2526 proficerent,
616 2442 824 2505 denuntiarent
844 2441 1024 2504 Samnitibus

60 2528 168 2611 populi
189 2529 314 2590 Romani
333 2538 510 2611 senatusque
531 2528 641 2600 verbis,
671 2536 703 2590 ut
727 2529 823 2609 Capua
845 2526 919 2590 urbe
940 2528 1023 2591 Cam·

62 2631 204 2695 paneque
218 2630 289 2692 3313
306 2612 497 2676 abstinerent.
527 2613 601 2675 11333
613 2613 720 2693 legatis
731 2612 886 2692 agentibus
903 2614 934 2674 in
952 2630 1022 2674 eon·
1034 2620 1061 2671 11

61 2698 133 2758 31113
158 2696 334 2760 Samnitium
359 2697 433 2760 adeo
455 2706 499 2759 est
525 2698 665 2759 ferociter
690 2715 879 2777 responsum,
906 2705 1022 2759 utnon

60 2780 161 2843 solum
177 2788 313 2860 gestures
327 2800 360 2842 33
375 2800 441 2843 3333
457 2782 591 2843 dicerent
609 2782 639 2843 id
654 2781 778 2853 bellum,
802 2780 853 2843 sed
869 2782 1023 2861 magistra·

61 2874 113 2925 tus
129 2882 231 2926 eorum
247 2866 357 2927 333113
373 2868 483 2946 egressi
498 2865 643 2928 stantibus
663 2865 767 2945 legatis
789 2864 954 2946 praefectos
974 2882 1023 2925 eo·
1034 2869 1066 2921 12

63 2948 196 3010 bendum
213 2957 353 3011 13331331
368 2951 462 3031 iisque
480 2949 559 3012 clara
575 2967 647 3010 1333
667 2950 863 3028 imperarent,
884 2956 916 3010 ut
937 2964 1022 3026 prae·

63 3032 166 3094 datum
182 3033 213 3093 in
228 3050 332 3112 agrum
348 3033 528 3112 Campanum
542 3031 688 3114 extemplo
702 3031 970 3112 proficiscerentur.

128 3115 244 3177 XXXII.
278 3117 340 3178 Η33
360 3117 506 3197 legatione
520 3119 643 3180 Romam
663 3115 755 3178 relata
773 3115 876 3196 positis
890 3114 1021 3175 omnium
1037 3118 1050 3171 1

17 3237 18 3240 =
63 3198 188 3261 aliarum
204 3218 305 3262 rerum
326 3203 404 3263 curis
424 3208 524 3281 patres
544 3200 692 3263 letiabbus
714 3199 751 3261 ad
777 3217 826 3261 res
847 3196 1023 3277 repetendas

63 3285 161 3345 1313313
174 3281 327 3365 belloque.
346 3287 486 3367 quianon
501 3284 711 3355 redderentur,
730 3282 865 3345 sollemni
880 3299 962 3342 more
977 3282 1022 3341 in·

64 3368 142 3430 dicte
159 3367 370 3441 decreverunt,
393 3378 425 3431 31
439 3370 536 3449 primo
552 3386 668 3449 quoque
683 3375 817 3447 tempore
834 3365 870 3428 de
886 3383 920 3427 ea
937 3365 1022 3427 read

63 3452 206 3533 populum
228 3453 367 3515 ierretur.
404 3456 542 3533 iussuque
568 3450 669 3532 populi
692 3448 827 3513 consules
848 3449 934 3512 ambo
957 3458 1053 3513 33132

63 3535 179 3598 duobus
194 3537 372 3599 exercitibus
388 3536 425 3598 ab
447 3536 521 3599 urbe
538 3536 679 3618 proiecti,
701 3535 833 3598 Valerius
854 3537 1022 3617 13033133-

103 3654 130 3688 ·1,
149 3652 212 3689 1111
231 3651 300 3689 rans
320 3652 352 3692 11.
798 3625 817 3681 3
