2575 4067
239 234 300 300 108
390 249 483 292 amsa
493 249 537 293 nx.
552 248 620 291 osa.
639 237 681 291 14.
698 236 740 290 14.
757 226 798 310 [a.
813 251 845 292 n.
860 250 886 293 o.
903 236 963 289 434.
977 225 1038 309 435]

212 402 364 477 44444444
378 405 521 459 censeret
555 398 701 460 Samnites
720 389 756 459 44
768 405 854 477 perte
880 393 972 457 altera
989 409 1056 456 coma
1072 409 1181 454 omnem
1264 405 1265 414 ¹

239 497 342 543 euram
355 477 426 540 nain
444 482 640 553 remisissent,
666 483 734 561 quia
749 489 799 542 aut
818 498 922 560 pacem
936 496 1006 541 rere
1026 475 1181 557 cupiebant,
1264 539 1265 546 ,

239 572 290 627 aut
304 561 478 644 expediebat
496 564 651 636 simulare,
670 573 705 627 ut
718 565 894 626 Tarentinos
913 562 969 625 41141
990 559 1182 631 conciliarent,
1264 579 1265 598 ³

239 666 307 710 cum
317 649 476 709 1441444144
484 656 609 728 repente
618 649 657 710 ad
666 665 796 729 pugnam
805 648 953 710 Romanos
963 647 1183 726 conspexissent,
1264 691 1265 694 ¹

211 739 226 789 7
239 731 394 793 vociferari
409 749 442 793 se
458 733 490 793 in
510 734 684 795 auctoritate
700 732 926 793 Tarentinorum
940 748 1061 792 manera
1075 746 1127 790 nec
1138 726 1183 788 de·

240 814 384 878 scandere
397 816 430 876 in
443 817 537 878 aciem
553 833 610 878 nee
625 826 707 882 extra
722 814 829 877 vallum
845 833 927 878 arma
943 814 1038 884 terre:
1055 813 1185 892 deceptos

238 901 351 978 potius,
368 899 573 980 quodcumque
588 918 673 962 casus
683 899 774 971 ierat,
795 917 949 980 passuros,
965 916 1053 979 quam
1066 904 1099 959 ut
1109 911 1184 976 spre-

210 984 314 1045 841444
332 984 413 1064 pacis
438 991 573 1046 auctores
595 984 771 1045 Tarentinos
796 983 959 1045 rideantur.
1001 982 1132 1061 accipere
1157 993 1185 1038 44
1264 985 1265 988 ’

240 1085 329 1129 omen
343 1065 479 1129 consules
494 1069 576 1129 aiunt
589 1076 620 1129 et
635 1086 700 1129 eam
714 1068 832 1147 precari
852 1075 983 1131 mentem
997 1063 1140 1134 hostibus,
1157 1069 1186 1121 ut
1264 1115 1265 1130 ,

211 1157 277 1212 dne
292 1149 398 1212 vallum
413 1150 532 1231 quidem
548 1151 717 1213 defendant.
745 1151 803 1232 ipsi
826 1151 905 1212 inter
920 1169 953 1213 se
972 1149 1088 1231 partitis
1102 1144 1185 1225 copiis
1264 1207 1265 1214 ,

240 1234 542 1297 sucesdunthostium
557 1235 763 1310 munimentis,
785 1242 815 1298 et
830 1233 918 1297 simul
938 1234 1070 1313 undique
1089 1227 1184 1297 adorti
1264 1295 1265 1304 ,

239 1335 307 1380 cum
322 1336 391 1398 pars
411 1319 506 1381 iussas
532 1319 698 1399 explerent,
724 1337 793 1399 pars
814 1318 958 1381 vellerent
978 1316 1085 1380 vallum
1108 1322 1185 1391 atque
1264 1341 1265 1382 t

238 1402 269 1462 in
294 1402 388 1464 fossas
419 1412 611 1483 proruerent,
641 1421 698 1464 nec
723 1405 816 1464 414444
839 1402 929 1464 modo
955 1403 1045 1463 insita
1070 1396 1121 1460 sed
1146 1397 1185 1455 ira

198 1492 230 1544 ιο
241 1487 329 1547 etlam
352 1484 536 1547 exulceratos
560 1487 721 1563 ignominia
746 1484 910 1547 stimularet
935 1488 1064 1555 animos,
1099 1488 1185 1543 444144

238 1570 389 1637 invasere,
407 1574 438 1629 et
450 1587 506 1647 pro
528 1586 561 1629 44
575 1570 713 1649 quisque,
735 1587 795 1631 non
810 1569 883 1631 haec
898 1568 1029 1631 iuroulas
1049 1580 1104 1628 nec
1120 1564 1185 1625 Cau·

238 1650 320 1712 dium
334 1668 391 1712 neo
411 1650 502 1713 saltus
523 1652 619 1712 invios
639 1670 718 1722 esse,
740 1652 792 1713 ubi
813 1670 946 1714 errorem
965 1654 1048 1715 iraus
1070 1643 1186 1728 superbe

238 1735 370 1805 vicisset,
397 1734 450 1796 sed
471 1735 634 1797 itomanam
655 1736 805 1807 virtutem,
832 1755 921 1816 quam
941 1755 999 1799 neo
1015 1733 1119 1797 vallum
1137 1742 1186 1789 noo
1264 1767 1265 1770 ,

197 1824 227 1877 ll
240 1817 337 1879 iassae
352 1826 502 1891 44444444,
523 1827 736 1890 memorantes,
758 1819 884 1882 caedunt
899 1822 1013 1900 pariter
1027 1819 1185 1882 resistentes

239 1900 392 1981 fusosque,
407 1902 538 1964 inermes
551 1908 640 1982 atque
654 1912 795 1975 armatos,
811 1922 911 1966 servos
926 1902 1051 1972 liberm,
1069 1898 1186 1982 puberes
1264 1971 1265 1988 ἵ

197 1992 229 2045 1²
240 1983 381 2064 inpubes,
414 1985 551 2048 homines
578 1987 783 2067 iumentaque;
807 2005 863 2048 nec
887 1986 980 2050 ullum
1006 1981 1186 2065 superfuisset

239 2068 362 2142 animal,
383 2070 415 2131 ni
435 2070 571 2133 consides
581 2072 715 2151 receptui
728 2072 845 2150 signnm
859 2071 1023 2144 dedissent,
1041 2068 1186 2142 addasque
1264 2085 1265 2136 i

239 2152 337 2215 caedis
351 2153 459 2217 milites
475 2173 492 2218 4
509 2156 613 2217 castris
628 2156 758 2218 hostium
772 2157 898 2235 imperio
916 2174 951 2217 44
963 2156 1053 2218 minis
1070 2146 1185 2229 expulis-
1264 2179 1265 2192 2

197 2243 316 2299 issent.
344 2239 443 2320 itaque
463 2239 542 2320 apud
564 2240 696 2303 infensos
718 2239 755 2300 ob
775 2237 991 2319 interpellatam
1012 2235 1186 2302 dulcedinem
1264 2241 1265 2256 ¹

197 2322 302 2384 141444
317 2323 472 2385 4441441144
483 2325 576 2386 oratio
582 2321 682 2386 habita
693 2332 751 2394 est,
766 2331 800 2385 ut
810 2323 969 2385 doceretur
978 2324 1065 2386 miles
1075 2315 1186 2381 minino

238 2409 376 2487 cuiquam
390 2407 517 2469 militum
534 2406 670 2469 consules
691 2406 759 2468 odio
775 2408 807 2468 in
820 2405 921 2467 hostes
929 2409 1053 2470 cessisse
1067 2411 1116 2466 aut
1129 2412 1185 2458 ott·

237 2508 338 2562 suros:
354 2493 425 2571 quin
436 2490 527 2552 duces
540 2493 616 2553 siout
628 2489 713 2563 belli,
727 2493 768 2552 ita
783 2490 956 2552 insatiabilis
966 2488 1103 2572 supplicii
1115 2484 1185 2544 tutu*

127 2573 129 2577 ‘
238 2591 288 2636 ros
299 2574 404 2645 luisse,
418 2575 450 2635 ni
462 2583 616 2652 respectus
627 2575 757 2654 equitum
768 2583 979 2647 sescentorum,
993 2576 1045 2656 qui
1055 2564 1185 2635 Lucanae

197 2662 230 2713 15
240 2656 358 2717 obsides
368 2663 552 2732 tenerentur,
572 2658 775 2738 praepedisset
787 2659 915 2731 animos,
932 2677 970 2721 ne
981 2658 1185 2744 desperatam·

237 2741 286 2801 nia
301 2739 401 2801 hostes
414 2757 518 2802 caecos
529 2741 562 2801 in
572 2740 715 2822 supplicia
726 2760 830 2803 eorum
843 2752 957 2821 speret,-
973 2744 1099 2824 perdere
1112 2741 1186 2814 prius

199 2829 230 2885 id
241 2842 329 2904 quam
343 2825 442 2903 perire
453 2831 598 2905 optantes.
613 2817 1185 2908 144414444444111444144144144444144141ΙΙ

235 2910 311 2980 isim
321 2910 383 2969 irae
398 2926 468 2970 suae
480 2926 557 2980 esse,
576 2927 611 2971 44
621 2909 707 2971 lateri
717 2910 816 2971 omnia
826 2910 964 2989 patienda
976 2914 1090 2992 portus,
1105 2908 1185 2982 quem

235 2994 412 3073 proderetur
426 2990 504 3054 salus
520 3001 564 3055 tot
577 2995 744 3075 principum
759 2994 908 3056 Romanae
921 2996 1088 3058 iuventutis.

208 3081 221 3134 t
296 3078 356 3139 XV.
387 3078 511 3140 Dimissa
528 3079 667 3139 contione
683 3076 837 3140 consilium
855 3076 1001 3151 habitum,
1019 3071 1184 3155 omnibusne

236 3161 488 3242 copiisaneriam
498 3170 678 3242 premerent,
691 3179 729 3224 an
740 3161 833 3223 altero
846 3165 976 3224 exercitu
988 3141 1185 3241 4414441441ι

208 3247 332 3316 aerea,
346 3244 537 3325 gersdubias
551 3244 635 3307 adid
652 3245 822 3316 voluntatis,
837 3252 1063 3327 temptarentur.
1094 3228 1185 3301 Pulli·

235 3325 293 3390 lius
316 3327 419 3391 consul
448 3328 485 3391 ad
515 3331 732 3410 peragrandam
752 3329 903 3410 profectus
931 3329 1064 3410 Apuliam
1086 3316 1185 3396 tlii¹¹⁰t

236 3412 421 3490 expeditione
442 3430 501 3475 una
521 3411 647 3493 poprdos
666 3422 717 3476 aut
732 3414 889 3492 risuhegit
906 3422 958 3476 aut
973 3400 1184 3477 condicionibul

207 3497 266 3558 tin
279 3496 450 3557 societatem
465 3499 587 3577 accepit.
620 3498 739 3577 Papirio
763 3516 894 3579 quoque,
918 3498 1117 3579 quiobsessor
1132 3482 1183 3544 11¹¹·
