2575 4067
230 194 294 254 tot
465 207 642 291 aaaroonsa
655 209 817 252 nmaoaou
831 209 896 249 xrx.
910 208 962 248 xx.

231 353 360 419 proiectus
372 355 493 407 -lussit
509 358 589 423 mergi
601 356 700 424 pullos,
717 356 762 420 qui
777 357 856 409 cibari
873 355 994 407 nolebant
1010 380 1042 391 -
1058 350 1200 404 infeliciter

230 421 354 472 adversus
363 422 585 489 Maginlanses
596 425 681 475 alasse
689 425 812 489 pugnavit
823 434 857 488 at,
868 432 1002 474 renouatus
1010 435 1026 471 a
1035 429 1125 472 senatu
1137 421 1199 472 ius-

230 502 327 551 susque
338 490 486 541 dictatorem
497 492 590 556 dioere,
598 491 731 542 Claudium
736 489 842 542 Gliciam
853 491 928 550 dixit,
941 490 1016 540 sortis
1028 487 1132 538 ultimae
1143 487 1198 538 lno-

231 557 334 619 ΜΨ,
347 559 399 621 (lul,
412 570 515 609 coaetus
526 559 644 609 abdioare
657 572 686 609 se
697 561 861 623 magistratu,
878 566 968 623 postea
984 556 1058 608 ludos
1071 564 1197 620 praetex-

230 629 297 674 tatus
314 626 449 689 spectavit.
473 627 505 678 A.
517 625 611 677 Atilius
626 624 755 677 calatinus
772 627 869 691 primus
887 626 993 675 diotator
1010 633 1082 674 extra
1093 622 1214 672 lulium-

144 690 148 697 ’
230 690 369 742 exeroltum
381 693 464 743 duxit.
482 693 643 743 commutatio
655 693 813 758 captivorum
825 690 1055 742 onml’oanisiaota
1060 694 1108 741 est.
1120 689 1197 739 uolo·

229 757 417 810 niaadeduotee
427 761 629 825 euntl‘regenaa,
641 759 881 824 luagroSallentiuo
892 758 1066 812 Brundisium.
1082 755 1196 807 insuam

228 838 245 873 a
256 827 403 877 censoribus
416 828 547 879 uenditum
558 835 606 877 est.
634 840 712 877 censa
727 834 787 877 sunt
803 827 899 876 rivium
916 827 1096 892 ospitem
1110 836 1194 880 ccxu.

229 889 342 956 claudia,
353 908 426 945 soror
437 894 466 949 P.
480 894 583 954 claudi,
596 895 640 958 qui
652 895 801 960 oontemptis
813 893 935 958 auspiciis
946 892 1013 943 mule
1024 903 1195 960 pugnaverat,

228 957 322 1009 aludis
339 968 470 1012 revertens
482 977 540 1012 oum
551 962 626 1011 turba
637 970 807 1026 premeretur,
820 961 885 1011 dixit
897 962 1019 1021 „utinam
1027 960 1106 1010 irater
1118 973 1193 1009 meus

228 1025 338 1076 rivaret!
357 1027 448 1078 iterum
464 1028 573 1079 classem
585 1025 718 1079 dooeret“
753 1029 785 1078 ob
798 1042 855 1078 eam
872 1041 977 1079 eausam
997 1027 1113 1077 multari
1126 1026 1195 1076 diota

229 1099 279 1146 est.
302 1093 352 1144 duo
364 1102 493 1160 praetores
501 1105 563 1145 tune
571 1095 681 1161 primum
687 1095 765 1144 oresti
776 1106 846 1148 sunt.
867 1094 1115 1146 CaeciliusMetellus
1126 1108 1193 1158 pon·
1283 1083 1284 1103 ³

229 1159 294 1209 illex
309 1161 439 1213 maximus
455 1164 488 1215 Α.
501 1162 661 1213 Postumium
672 1161 817 1222 consulem,
835 1163 956 1225 quoniam
973 1161 1041 1211 idem
1058 1170 1084 1211 et
1100 1161 1193 1210 {lamen

229 1225 351 1279 Martialis
363 1236 429 1292 erat,
441 1244 500 1281 oum
511 1229 534 1280 is
545 1230 579 1280 td
587 1228 683 1279 bellurn
694 1229 834 1293 gerendum
845 1227 973 1293 profloisoi
984 1228 1077 1290 vallet,
1090 1229 1116 1277 ln
1129 1229 1193 1278 urbo

228 1295 310 1345 tenuit
327 1310 374 1344 neo
391 1311 484 1361 passus
501 1305 541 1347 est
551 1311 568 1346 a
584 1296 663 1347 saeris
679 1297 808 1347 resedere.
835 1297 911 1346 rebus
928 1297 1053 1346 adversus
1064 1293 1165 1345 Poenos
1177 1308 1195 1343 s

228 1361 344 1427 pluribus
354 1363 462 1413 duoibus
470 1378 591 1429 prospere
602 1363 683 1428 gestis
695 1378 822 1413 summam
830 1363 952 1412 victoriae
965 1362 993 1414 (i.
1003 1362 1118 1414 Lutatius
1130 1376 1195 1411 uou-
1278 1424 1279 1427 Ἴ

228 1428 270 1479 sul
281 1430 349 1479 vieta
360 1430 394 1480 ad
406 1431 517 1495 Aegates
530 1430 628 1481 insulas
640 1430 724 1481 olasse
735 1431 878 1482 Poenorum
890 1431 1022 1497 imposuit.
1047 1429 1194 1494 petentibus

229 1495 482 1561 Carthaginiensibus
491 1510 544 1561 pax
556 1497 616 1547 data
628 1506 676 1548 est.
693 1513 751 1547 oum
763 1497 885 1562 templum
894 1497 988 1547 Vestae
1001 1497 1115 1559 arderet,
1129 1494 1195 1545 Gae-

228 1562 301 1613 ollius
318 1563 434 1613 Metellus
451 1563 569 1629 pontifex
584 1564 713 1615 maximus
731 1580 764 1616 ex
775 1564 893 1615 incendio
915 1579 986 1616 saera
1004 1565 1095 1629 rapuit.
1125 1564 1194 1612 duae

229 1629 311 1679 tribus
323 1630 438 1679 adiectas
450 1639 510 1680 sunt
521 1666 530 1694 ,
542 1629 634 1681 Velina
647 1641 672 1680 et
684 1631 798 1691 Quirina.

445 2036 459 2051 ,
521 1947 711 2011 PERIOCHA
731 1947 832 2009 LlBRl
849 1947 911 2009 XX.

297 2115 389 2167 lauet
411 2130 469 2165 oum
484 2115 668 2181 rebellassent,
691 2122 764 2166 sexto
782 2116 823 2165 die
840 2116 976 2182 perdomiti
992 2118 1019 2166 in
1037 2117 1193 2167 deditionem

230 2191 365 2234 venerunt.
395 2182 537 2249 Spoletium
554 2183 654 2233 colonie
670 2182 778 2232 deducta
795 2191 842 2235 est.
870 2183 995 2234 adversus
1012 2183 1120 2250 Ligures
1132 2191 1193 2235 tuno

230 2251 340 2316 primum
358 2251 485 2300 exereitus
501 2259 634 2316 promotus
652 2259 698 2300 est.
727 2249 801 2299 Sardi
818 2255 842 2299 et
856 2249 926 2300 Corsi
944 2265 1002 2301 oum
1013 2251 1190 2313 rebellassent,

231 2319 329 2368 subacti
346 2325 416 2367 sunt.
443 2317 538 2367 Tuooia
554 2318 626 2381 virgo
642 2315 753 2366 Vestalis
774 2317 864 2367 incesti
881 2317 1003 2368 damnata
1020 2327 1067 2372 est.
1097 2318 1191 2368 bellum

230 2384 323 2449 Illyriis
339 2392 443 2450 propter
460 2398 539 2435 unum
556 2400 589 2434 ex
603 2383 710 2449 legatis,
727 2383 771 2447 qni
786 2384 820 2434 sd
836 2399 881 2434 eos
893 2385 966 2436 missi
978 2396 1061 2448 aaut,
1080 2386 1191 2436 oeohnm

230 2451 354 2501 indictum
364 2458 411 2511 est,
425 2451 575 2512 subaotiqus
586 2452 613 2501 in
622 2451 779 2501 deditionem
790 2462 923 2504 venerunt.
943 2459 1090 2518 praetorum
1103 2468 1191 2503 nnme-

230 2531 274 2566 rns
284 2517 421 2582 ampliatus
434 2526 486 2579 est,
498 2524 527 2567 ut
539 2524 625 2568 essent
637 2524 765 2581 quattuor.
790 2518 855 2571 Galli
867 2519 1032 2587 transalpini,
1045 2521 1127 2584 quiin
1140 2521 1193 2569 Ita·

230 2581 291 2632 liam
302 2583 460 2647 inruperant,
472 2585 540 2633 oaesi
551 2594 618 2634 sunt.
636 2597 667 2634 eo
677 2585 741 2632 bello
754 2585 877 2646 populum
886 2585 1030 2633 Romanum
1041 2585 1083 2632 sui
1094 2583 1192 2635 Latini·

230 2663 281 2711 qne
293 2649 404 2701 nominis
421 2656 533 2699 trecenta
548 2649 617 2697 milia
635 2657 787 2699 armatorum
805 2652 925 2702 nabuisse
941 2653 1012 2706 dicit.
1040 2653 1192 2703 exercitibus

230 2715 352 2766 Romanis
370 2723 430 2765 tuno
447 2715 558 2781 primum
575 2720 645 2766 trans
662 2715 760 2766 Padum
777 2718 859 2768 duotis
876 2717 942 2768 Galli
957 2721 1078 2769 Insubres
1095 2719 1192 2783 aliquot

230 2783 333 2849 proeliis
345 2782 398 2833 iusi
409 2783 436 2832 in
448 2782 602 2832 deditionem
615 2795 748 2837 venerunt.
771 2785 805 2835 Μ.
820 2786 941 2837 Claudius
954 2787 1087 2837 Marcellus
1100 2786 1191 2836 oonsul

231 2852 315 2902 oooiso
332 2850 462 2902 Gallorum
478 2851 624 2902 Insubrium
647 2849 713 2902 duae
729 2852 886 2903 Vertomaro·
896 2854 980 2919 opima
997 2854 1079 2919 spolia
1095 2852 1191 2906 retulit.

229 2920 308 2971 Histri
320 2919 419 2970 subacti
431 2926 499 2971 sunt.
525 2920 586 2968 item
598 2919 677 2984 Illyrii
687 2934 744 2968 curu
755 2919 930 2982 rebellassent,
942 2921 1032 2971 domiti
1043 2921 1069 2969 in
1082 2920 1192 2970 deditio-

231 3001 289 3035 nem
301 2996 434 3038 venernnt.
458 2987 566 3037 lustrum
578 2987 751 3037 aoeusoribus
762 2987 801 3036 bis
811 2987 940 3037 eonditum
953 2995 1006 3039 est:
1018 2988 1097 3053 primo
1109 2987 1192 3037 lustro
1282 3028 1284 3049 ,

231 3068 307 3104 oense
319 3062 379 3105 sunt
396 3053 491 3109 rivium
503 3054 585 3119 capita
597 3056 690 3109 b'ch'x
701 3065 791 3108 ccxnl.
800 3051 843 3083 *”
854 3053 966 3104 libertini
976 3055 1003 3104 in
1015 3061 1131 3118 quattuor
1142 3055 1192 3103 tri·
1280 3063 1285 3074 ·

230 3122 278 3171 bus
290 3121 385 3171 redaoti
396 3128 465 3182 sunt,
476 3135 535 3171 oum
544 3122 735 3187 auteadispersi
746 3135 793 3186 per
802 3136 891 3172 omnes
903 3120 1021 3184 luissent,
1033 3120 1192 3185 Esquilinam

230 3186 371 3239 Palatinam
388 3187 548 3240 Suburanam
564 3187 696 3240 Collinam.
727 3189 755 3239 0.
768 3189 908 3241 Flumineus
921 3204 1014 3242 centor
1024 3192 1086 3240 rima
1097 3188 1192 3240 limt-

230 3260 296 3309 niam
306 3261 398 3309 muniit
410 3268 434 3309 et
445 3262 539 3310 oiroum
551 3259 702 3309 Flaminium
715 3262 851 3309 exstruxit.
870 3259 986 3310 coloniae
996 3258 1120 3309 deductae
1133 3265 1191 3305 sunt

231 3325 256 3371 in
269 3339 331 3388 agro
344 3328 376 3375 de
389 3325 466 3377 Gallis
478 3338 567 3395 rapto,
586 3326 713 3377 Placentia
725 3336 749 3376 et
760 3326 895 3381 Cremona.
