2575 4067
264 240 326 304 102
421 253 515 297 mun
528 255 559 297 x.
575 252 643 297 ose.
661 240 703 296 ii.
720 240 761 298 15.
778 229 817 316 [u.
831 254 862 296 u.
880 254 907 295 c.
921 240 984 322 idi.
999 230 1060 315 458]

222 408 256 463 10
265 400 465 484 praebuerunt
482 402 612 463 terroris.
648 399 755 462 Fabius
768 399 819 461 ubi
839 398 919 462 utalia
941 417 978 460 ex
1017 406 1080 461 arte
1100 400 1218 464 booten

222 536 230 556 ,
264 486 329 548 loco
345 486 456 547 moveri
468 484 555 555 vidit,
576 485 733 546 llarimum
747 483 840 545 iillum
858 492 889 544 et
905 482 943 545 11.
958 482 982 542 V
1010 483 1105 545 esium
1121 483 1219 546 tribu·

264 588 319 632 nos
331 567 472 638 militum,
492 586 560 629 cunt
577 567 683 648 qtulbus
703 567 739 629 ad
759 569 885 647 primam
904 566 998 627 aciem
1014 577 1218 645 procurreret,

223 660 254 712 11
265 655 311 716 ire
330 653 367 716 ud
384 654 495 733 equites
511 650 593 713 iubet
607 659 636 712 et
656 651 820 722 adhortari,
840 659 890 721 ut,
905 651 930 711 si
944 649 1061 729 quando
1075 669 1219 730 umquam

265 738 394 818 equestri
407 753 463 816 ope
480 735 608 797 adiutam
625 734 853 814 rempublicam
874 734 1079 806 meminerint,
1101 733 1152 795 ilio
1168 735 1220 797 die

264 821 446 889 adnitantur,
463 825 496 879 ut
518 819 629 880 ordinis
657 820 719 880 eius
744 817 868 896 gloriam
889 818 1028 878 invictam
1047 828 1219 898 praestent.

223 912 255 963 12
264 904 395 984 peditum
408 903 569 964 certamine
579 900 750 963 inmobilem
765 901 879 964 hostem
892 908 1019 972 restare,
1037 918 1156 963 omnem
1167 920 1219 963 re·

264 987 373 1068 liquam
390 1004 473 1069 spera
486 987 517 1046 iu
530 987 642 1066 impetu
658 1003 723 1047 osse
736 987 875 1066 equitum.
904 992 935 1046 et
947 986 1027 1064 ipsos
1041 986 1219 1050 nominatim

264 1072 399 1141 iuvenes,
423 1069 489 1150 pari
509 1072 645 1131 conluto
660 1076 833 1150 unumque,
857 1085 938 1130 nunc
960 1067 1111 1139 laudibus,
1136 1087 1220 1131 nunc

223 1160 255 1214 ta
264 1155 416 1234 promissis
430 1160 541 1215 onerat.
570 1162 700 1215 ceterum
716 1152 833 1233 quando
847 1151 885 1192 *⁸
895 1169 933 1213 uo
944 1169 1107 1231 aequoque
1121 1161 1217 1233 temp·

264 1246 322 1301 tata
341 1240 385 1299 vis
403 1238 578 1318 proliceret,
603 1235 725 1298 consilio
761 1235 968 1314 grassandum,
994 1236 1022 1297 si
1044 1235 1118 1296 nibil
1138 1238 1221 1298 vires

223 1328 255 1380 11
263 1323 411 1392 iuvarent,
428 1330 523 1392 retus,
539 1320 706 1401 Scipionem
719 1318 847 1398 legatum
857 1319 986 1381 hastatos
1000 1321 1113 1399 primae
1123 1317 1220 1398 legio·

264 1406 310 1467 nis
323 1404 496 1466 subtrahere
511 1422 547 1465 ex
560 1406 623 1465 acie
637 1412 667 1466 et
680 1402 717 1465 ad
730 1410 845 1465 montes
852 1404 1001 1481 proximos
1012 1420 1099 1483 quam
1115 1415 1222 1483 posset

265 1487 459 1550 occultissime
479 1487 700 1549 circumducere
721 1485 817 1556 iubet;
841 1486 911 1546 inde
937 1502 1060 1547 escensu
1085 1485 1220 1549 abditos

265 1578 424 1651 conspectu
438 1571 553 1648 erigere
572 1571 603 1631 ln
621 1578 738 1632 montes
754 1586 877 1648 agmen,
900 1571 1061 1649 eversoque
1080 1569 1160 1631 bosti
1180 1571 1220 1632 ab

225 1660 258 1713 td
268 1667 351 1731 tergo
364 1672 381 1714 r
459 1661 487 1714 te
500 1671 533 1714 se
544 1653 709 1715 ostendere.
735 1654 849 1733 equuus
864 1651 987 1714 ducibus
1001 1652 1127 1715 utiunts
1137 1654 1219 1717 baud

265 1734 357 1798 multo
376 1753 442 1815 ptus
463 1735 596 1798 hostibus
617 1755 706 1816 wem
724 1738 785 1798 suis
810 1753 849 1796 ex
876 1735 1024 1816 inproviso
1047 1744 1116 1798 aute
1132 1739 1218 1817 sigua

226 1821 361 1881 iderecti
379 1817 579 1899 praebuerunt
602 1819 751 1882 tumultus.
792 1820 929 1882 adversm
949 1821 1082 1882 incitatas
1104 1829 1219 1885 turmas

267 1903 347 1965 stetit
357 1904 468 1964 lumem
479 1902 652 1966 Samnitium
663 1905 755 1975 acies,
772 1921 828 1964 noc
837 1911 921 1982 porte
934 1901 993 1965 ulla
1002 1902 1073 1984 pelli
1083 1913 1135 1966 aut
1148 1923 1219 1986 per·

268 1987 365 2068 nimpi
379 1988 489 2067 potuum
505 1994 535 2049 et
546 1996 702 2068 postquem
715 1987 836 2049 inritum
846 1989 996 2067 inceptum
1009 1994 1088 2059 erat,
1103 1991 1219 2069 recepti

226 2077 258 2129 17
268 2078 335 2151 post
347 2073 431 2151 signa
450 2070 562 2152 proelio
581 2077 778 2133 excesserunt.
803 2071 895 2131 crevit
908 2088 945 2132 ex
958 2089 994 2132 eo
1014 2070 1145 2134 hostium
1156 2074 1218 2134 ani·

266 2174 341 2227 mus,
359 2173 415 2217 nec
429 2156 574 2218 nudum
588 2155 672 2217 frons
686 2157 781 2236 prima
795 2161 854 2215 um
871 2152 992 2233 longum
1007 2163 1160 2217 certamen
1173 2157 1219 2219 iu·

269 2249 509 2320 crescentemque
522 2239 628 2301 iducis
644 2240 690 2300 sui
703 2240 761 2300 rim
775 2239 931 2318 potuisset,
947 2240 980 2299 ui
995 2238 1125 2301 secunda
1141 2241 1218 2303 acies

225 2329 259 2384 18
267 2326 350 2387 iussu
365 2322 493 2386 consulis
507 2325 538 2385 lu
551 2324 681 2403 primum
695 2322 891 2385 successisset.
922 2320 964 2383 ibi
983 2324 1118 2401 integrao
1141 2325 1217 2385 vires
1286 2333 1287 2344 ¹

267 2409 374 2469 sistum
384 2407 571 2468 invehentem
591 2424 623 2468 se
640 2408 700 2469 iam
716 2406 889 2476 Samnitem,
911 2412 941 2467 et
957 2407 989 2466 in
1007 2413 1144 2485 tempore
1158 2409 1216 2469 risa

268 2508 304 2551 ex
324 2488 473 2551 montibus
493 2492 576 2569 signa
595 2487 764 2570 clamorque
780 2488 911 2551 sublatam
931 2506 992 2551 non
1011 2507 1081 2551 roro
1102 2498 1217 2552 tantum

225 2576 258 2631 ts
267 2580 348 2633 metu
361 2580 496 2633 terruere
509 2573 683 2635 Samnitium
697 2574 819 2635 animos.
848 2589 916 2633 nam
930 2580 960 2635 ei
973 2571 1081 2635 Fabius
1094 2573 1216 2636 llecium

269 2653 410 2733 collegam
420 2654 656 2735 adpropinquare
670 2655 848 2728 exclamarit.
865 2663 895 2718 et
910 2674 966 2736 pro
980 2674 1012 2719 se
1025 2658 1151 2737 quisque
1160 2660 1217 2719 mi·

267 2735 310 2798 les
323 2736 425 2800 edesse
440 2736 563 2800 alienum
577 2739 740 2811 consulem,
766 2740 868 2802 edesm
883 2738 1015 2820 legiones
1031 2740 1139 2820 gaudio
1157 2741 1216 2802 ala·

225 2827 260 2883 10
269 2840 335 2884 ores
350 2821 494 2892 iuemunu
516 2840 658 2904 errorque
676 2822 756 2886 utilis
768 2822 907 2885 liomanis
922 2822 1035 2887 oblatus
1052 2824 1143 2905 fugae
1155 2825 1215 2886 ior·

266 2906 442 2988 midinisque
452 2905 597 2970 Samnites
606 2907 736 2989 inplevit,
746 2909 873 2970 maxiano
884 2910 1010 2980 territos,
1021 2925 1060 2970 ne
1070 2907 1108 2970 ab
1123 2907 1217 2971 altero

225 2997 257 3051 21
269 2994 399 3054 exercitu
419 2993 534 3070 integro
547 2992 715 3072 intactoque
728 2991 798 3053 lessi
816 2993 1062 3073 opprimerentur.
1097 3000 1127 3054 et
1149 2993 1217 3072 tude

266 3078 374 3156 passim
393 3078 425 3136 in
442 3075 541 3155 bugam
561 3075 692 3155 dbslpati
709 3086 791 3148 sunt,
809 3077 907 3137 minor
927 3075 1031 3138 caedes
1051 3093 1139 3157 wan
1159 3093 1217 3155 pro

266 3167 347 3223 unta
359 3159 480 3221 victoria
493 3159 557 3221 luit.
588 3160 644 3221 tria
663 3157 743 3221 milia
758 3168 788 3223 et
800 3160 1006 3239 quadringenti
1025 3161 1121 3231 caesi,
1138 3160 1218 3239 capti

266 3244 427 3323 octingenti
445 3241 539 3305 ierme
560 3249 590 3304 et
608 3244 744 3324 triginta,
766 3244 849 3324 sigua
868 3242 1005 3306 militaria
1016 3252 1102 3325 cepta
1116 3245 1173 3305 tria
1188 3250 1219 3304 et

265 3328 376 3406 viginti.

240 3415 254 3467 1
328 3410 387 3471 llll.
422 3409 599 3474 Samnitibus
618 3412 704 3492 Apuli
726 3430 759 3475 se
786 3419 854 3474 aute
877 3410 1022 3492 proelium
1046 3409 1218 3473 coniunxis-

266 3498 346 3562 seut,
361 3494 392 3554 ni
405 3494 438 3556 P.
455 3495 560 3556 Decius
579 3495 683 3557 consul
701 3498 737 3560 iis
751 3496 787 3558 ad
803 3493 996 3562 lialerentum
1018 3503 1113 3559 cestra
1135 3491 1216 3555 obie-
1229 3563 1243 3573 ,
