2575 4067
274 279 369 320 nmen
382 280 458 320 xxn.
482 279 549 320 ose.
564 270 606 321 35.
624 242 666 318 36.
683 259 722 339 ia.
740 261 774 322 0.
788 259 850 335 alo}
980 264 1041 326 203

41 498 45 503 .
84 429 166 495 Livio
184 426 287 491 consul
306 426 403 487 iuerat
417 433 447 486 et
466 425 652 487 damnatione
670 424 810 503 conlegae
831 432 862 486 ct
883 443 935 487 sua
948 445 1042 505 prope

86 509 237 573 ambustus
254 517 400 581 evaserat,
417 509 557 570 infestum
571 507 683 586 plebei,
701 509 751 568 diu
768 526 802 568 ac
816 507 940 569 multum
955 527 1041 570 reonn

86 601 199 653 nantem
213 592 250 653 ad
265 593 437 673 petitionem
460 591 608 671 conpellit.
640 592 666 651 is
680 592 816 672 proximo
837 590 975 652 comitiali
995 592 1071 653 dies

85 675 315 738 concedentibus
339 674 491 743 omuibus,
525 675 575 754 qui
598 692 666 735 cum
691 675 824 735 Varrone
849 682 1041 745 certaverant,

105 777 139 819 ar
161 760 254 837 magis
273 761 306 819 in
328 757 540 819 adversandum
561 776 649 837 mam
669 757 793 836 conlega
808 757 895 818 datur
919 758 1041 819 consuli.

117 841 153 902 de
163 850 334 922 praetorum
347 842 464 902 comitia
474 841 589 910 hebita;
603 843 699 905 creati
706 842 744 902 M.
753 841 933 921 Pomponius
944 842 1070 903 Mathob

84 933 115 986 et
133 925 166 985 P.
186 925 294 986 Furius
321 927 440 993 Philum
461 917 546 986 Philo
561 924 672 986 Romae
696 925 753 986 iuri
777 924 904 986 dicundo
928 925 1042 987 urbana

83 1027 167 1076 sors,
182 1008 345 1087 Pomponio
361 1009 439 1069 inter
453 1009 524 1070 civis
538 1008 687 1069 Romanos
708 1017 738 1070 et
747 1010 923 1087 peregrinos
937 1010 1042 1070 evenit.

84 1091 176 1153 additi
197 1092 255 1151 duo
276 1099 444 1171 praetores,
465 1091 503 1151 M.
526 1090 663 1154 Claudius
683 1091 838 1153 Marcellus
856 1093 888 1152 in
902 1090 1071 1162 'Siciliamt

83 1176 117 1235 L.
133 1175 298 1235 Postumius
313 1174 436 1235 Albinus
455 1176 486 1234 in
502 1175 635 1236 Galliam.
674 1193 777 1236 omnes
797 1173 934 1237 absentes
949 1177 1067 1237 creatis

83 1266 169 1327 sunt,
189 1275 245 1318 nec
265 1259 401 1337 cuiquam
428 1275 531 1319 eorum
556 1268 675 1339 praeter
692 1259 864 1320 Terentium
890 1258 1042 1319 consulem

83 1340 239 1402 mandatus
255 1340 350 1401 bonos
366 1358 454 1420 quem
469 1358 530 1401 uon
549 1343 608 1403 iam
624 1348 711 1402 antea
728 1342 880 1420 gessisset,
898 1344 1042 1421 praeteri·

84 1427 122 1486 tis
137 1422 246 1503 aliquot
261 1423 386 1485 fortibus
401 1441 435 1485 ac
457 1426 585 1486 strenub
603 1426 688 1495 viris,
715 1426 782 1504 quis
795 1427 826 1485 in
842 1423 894 1486 tali
908 1433 1043 1506 tempore

83 1506 157 1570 nulli
171 1525 264 1567 novus
278 1509 466 1585 magistratus
480 1507 633 1568 videbatur
647 1508 841 1570 mandandus.

149 1589 275 1651 XXXVI.
307 1591 461 1651 Exercitus
476 1609 593 1671 quoque
608 1591 794 1672 multiplicati
811 1602 889 1656 sunt.
917 1597 1070 1671 quantael

83 1681 182 1735 autem
206 1675 307 1753 copiae
326 1673 457 1753 peditum
478 1676 667 1754 equitumque
687 1675 802 1735 additae
824 1677 896 1744 sint,
917 1675 990 1736 adeo
1012 1682 1043 1736 et

84 1774 208 1818 numero
224 1763 254 1817 et
268 1773 378 1835 genere
393 1758 544 1835 copiarum
557 1760 671 1824 variant
684 1767 833 1829 auctores,
852 1761 947 1820 utrix
960 1761 1042 1839 quic-

83 1858 172 1920 quam
190 1841 260 1900 satis
277 1847 391 1900 certum
406 1838 562 1900 adfirmare
582 1859 670 1902 ausus
684 1843 748 1902 sim.
776 1843 879 1903 decem
894 1839 974 1903 milia
988 1850 1070 1903 no·2

83 1942 187 1984 vorum
204 1922 330 1983 militum
350 1921 399 1983 alii
422 1923 531 2001 scripta
553 1924 587 1983 in
608 1922 859 2002 supplementum,
882 1924 931 1985 alii
952 1943 1042 1986 novas

83 2015 222 2086 quattuor
233 2006 373 2084 legiones,
385 2012 419 2066 ut
425 2012 492 2064 octo
503 2004 668 2081 legionibus
675 2023 738 2066 rem
750 2016 905 2084 gererent;
918 2016 1072 2069 numeros

83 2107 202 2169 quoque
216 2089 349 2169 peditum
365 2088 554 2166 equitumque
568 2085 700 2166 legiones
715 2096 815 2148 auctas
829 2089 948 2149 milibus
959 2092 1041 2168 pedi·

83 2182 146 2233 tum
169 2180 199 2233 et
217 2173 349 2232 centenis
375 2170 522 2249 equitibus
541 2170 572 2230 in
592 2169 722 2247 singulas
744 2171 878 2241 adiectis,
900 2180 934 2231 ut
953 2174 1041 2252 quina

84 2254 165 2315 milia
181 2255 328 2334 peditum,
343 2255 457 2313 treceni
475 2254 587 2332 equites
602 2262 714 2323 essent,
737 2255 809 2314 socii
825 2253 972 2334 duplicem
988 2274 1041 2316 nu·

85 2355 200 2398 merum
215 2339 346 2417 equitum
357 2335 470 2406 darent,
482 2336 588 2414 peditis
599 2346 768 2416 aequarent,
782 2336 909 2418 [septem
922 2346 951 2398 et
962 2349 1071 2398 octo-s

85 2422 166 2498 ginta
182 2420 260 2480 milia
275 2427 455 2480 armatorum
471 2426 501 2480 et
516 2432 546 2473 cc
560 2420 592 2480 in
606 2421 709 2480 castris
719 2420 873 2492 Romanis
890 2439 957 2482 cum
968 2440 1041 2502 pug-

85 2512 187 2566 natum
200 2502 237 2564 ad
252 2504 367 2566 Cannas
384 2509 441 2573 est,
459 2502 577 2582 quidam
593 2512 729 2564 auctores
748 2502 840 2584 sunt].
862 2505 935 2566 illud
950 2505 1069 2566 haud-t

85 2605 231 2667 quaquam
243 2588 398 2667 discrepat,
410 2588 522 2647 maiore
534 2596 641 2647 conatu
652 2595 738 2668 atque
748 2589 935 2668 impeterem
946 2597 1041 2651 actam

85 2689 172 2750 quam
186 2670 335 2751 prioribus
350 2673 448 2741 annis,
471 2672 538 2749 quia
553 2690 636 2750 spem
649 2690 736 2750 posse
758 2673 836 2733 vinci
850 2674 965 2735 hostem
981 2674 1041 2734 dic-

85 2763 162 2816 tator
178 2756 364 2833 praebuerat.

150 2840 286 2900 Ceterum
304 2840 474 2917 priusquam
489 2839 572 2915 signa
587 2837 624 2897 ab
639 2838 714 2898 urbe
728 2856 820 2899 novae
833 2840 965 2917 legiones
979 2848 1071 2899 mou

86 2929 203 2994 serent,
221 2920 378 2981 decemviri
391 2920 483 2981 libros
497 2920 578 2980 adire
593 2927 680 2998 atque
695 2922 842 2999 inspicere
856 2924 928 2982 iussi
951 2939 1041 3001 prop·

85 3012 132 3064 ter
146 3005 265 3064 territos
282 3002 368 3080 volgo
381 3004 517 3064 homines
532 3002 614 3063 novis
626 3003 783 3086 prodigiis:
804 3021 874 3066 narn
889 3012 917 3064 et
930 3004 1069 3066 Romaet

84 3089 116 3148 in
130 3089 273 3149 Aventino
296 3093 326 3148 et
347 3086 462 3149 Ariciae
478 3087 643 3150 nuntiatum
667 3097 731 3150 erat
754 3088 808 3149 sub
827 3090 905 3150 idem
925 3097 1041 3169 tempus

85 3170 230 3253 lapidibus
244 3172 381 3253 pluvisse,
398 3182 428 3232 et
443 3170 535 3232 multo
551 3185 656 3233 cruore
672 3176 755 3252 signa
769 3174 801 3233 in
816 3172 945 3241 Sabinis,
970 3173 1041 3234 Gae-

86 3255 141 3317 diis
156 3275 247 3335 aquas
262 3255 343 3315 fonte
360 3254 454 3316 calido
467 3255 585 3330 qelidos
599 3275 749 3325 manasse;
764 3255 795 3316 id
810 3256 927 3336 quidem
943 3257 1070 3324 etiams

86 3340 165 3417 quod
187 3342 303 3419 saepius
319 3339 480 3406 acciderat,
501 3341 594 3417 magis
614 3339 754 3400 terrebat.
783 3349 812 3401 et
830 3342 862 3399 in
877 3340 922 3399 via
937 3340 1041 3400 Forni-

86 3429 165 3492 cata,
181 3442 256 3503 quae
268 3422 305 3483 ad
321 3423 463 3503 Campum
476 3431 548 3493 erat,
565 3423 676 3502 ailquot
686 3424 821 3484 homines
833 3423 869 3483 de
881 3422 961 3484 caelo
971 3424 1042 3483 tacti

87 3508 301 3587 exanimatique
322 3507 449 3568 fuerant.
491 3524 525 3566 ea
548 3506 683 3587 prodigia
704 3525 740 3566 ex
766 3504 850 3567 libris
874 3512 1070 3585 procuratae
