2575 4067
323 224 418 269 mann
434 228 464 268 x.
480 227 548 271 oar.
563 216 607 269 24.
624 207 663 289 [a.
682 209 717 272 0.
731 216 791 272 tit.
805 209 867 292 tto]
1015 217 1077 283 173

98 375 144 439 ihi
159 373 289 437 Fabius
303 371 370 455 plus
383 380 512 453 poterat,
535 382 670 437 revoeata
685 393 734 437 res
750 374 787 438 ad
799 377 940 455 populum
955 386 1008 442 est.
1042 378 1074 442 in

99 461 278 529 mationa,
305 463 339 519 ut
361 458 439 517 inter
460 457 601 519 militares
617 460 696 521 viros
718 467 748 520 et
766 457 851 520 iactis
870 462 967 540 potius
987 480 1073 542 quam

100 543 198 605 dictis
216 541 332 616 fretos,
347 557 440 620 pauca
454 539 543 603 verba
558 541 667 605 hahita.
698 541 819 612 Fabius,
836 562 923 624 quam
938 543 1102 608 arhoremfi

99 626 315 695 consevisset,
336 622 390 685 ad
405 641 440 685 ea
461 623 560 704 legere
576 623 665 687 alium
684 625 813 688 iruetum
832 626 986 707 indignum
1010 645 1074 690 esse

99 710 235 778 dicere:
254 726 286 769 se
305 708 455 787 aperuisse
469 708 622 771 Ciminiam
637 709 739 771 silvam
752 712 886 791 viamque
907 728 963 791 per
977 711 1076 773 dedas

99 793 204 856 saltus
221 793 359 854 Romano
374 790 452 853 bello
472 791 586 854 iecisse.
629 793 699 874 quid
712 811 743 854 se
757 793 788 854 id
802 796 903 857 aetatis
923 793 1104 857 sollicitas-t

99 887 191 949 sent,
214 874 318 938 siaha
335 873 409 937 duee
424 877 535 954 gesturi
555 874 665 938 bellum
681 877 795 939 essenti
811 879 950 940 nimirum
972 878 1074 941 adver·

100 963 229 1023 sarium
242 976 288 1031 se,
301 976 361 1019 non
371 961 484 1021 socium
493 961 611 1040 imperii
621 959 727 1040 legisse
738 961 847 1024 sensim
855 961 1029 1043 exprobrat,
1045 970 1076 1025 et

100 1045 260 1106 invidisse
273 1042 395 1105 Decium
415 1043 610 1106 concordibus
625 1044 756 1123 collegiis
776 1043 878 1106 tribus.
914 1053 1102 1127 postremos

102 1145 138 1189 se
151 1128 293 1190 tendere
303 1125 377 1187 nihil
387 1125 479 1198 ultra,
496 1145 583 1209 quam
596 1136 643 1199 ut,
659 1130 684 1189 si
694 1127 814 1208 dignum
825 1130 975 1207 provincia
986 1129 1074 1191 duee·

2 1251 3 1280 r
102 1219 194 1282 rent,
215 1213 251 1273 in
269 1227 333 1272 eam
348 1212 512 1273 mitterent:
526 1214 559 1273 in
575 1219 693 1273 senatus
707 1211 828 1273 arbitrio
845 1228 877 1273 se
891 1212 981 1274 iuisse
998 1222 1028 1274 et
1041 1214 1074 1274 in

102 1302 266 1375 potestate
279 1293 380 1374 populi
394 1294 533 1357 futurum.
562 1295 594 1356 P.
606 1295 711 1357 Decius
725 1303 843 1357 senatus
852 1296 989 1357 iniuriam
1002 1304 1103 1377 que-i

105 1378 256 1441 rebatur:
281 1378 377 1458 quoad
396 1380 547 1457 potuerint
562 1388 661 1459 patras
682 1379 813 1449 adnisos,
835 1395 873 1440 ne
886 1378 967 1459 plebi
980 1379 1074 1442 aditus

106 1463 146 1524 ed
161 1478 297 1541 magnos
310 1462 439 1523 honores
453 1469 544 1533 esset;
559 1470 714 1543 postquam
728 1466 789 1544 ipsa
800 1462 893 1525 virtus
906 1464 1102 1543 perviceriti

109 1564 149 1608 ne
159 1548 198 1608 in
208 1544 273 1608 uilo
286 1562 395 1625 genere
405 1544 558 1608 hominum
567 1548 742 1609 inhonorata
753 1548 959 1629 essetquaeri,
972 1565 1073 1628 quem·

109 1630 281 1692 admodum
299 1629 388 1691 inrita
407 1630 466 1691 sint
479 1646 540 1691 non
558 1631 696 1710 suffragia
713 1631 802 1694 modo
822 1630 937 1712 popuii,
958 1631 1011 1694 sed
1026 1648 1074 1693 ar·

2 1735 3 1770 r
109 1710 205 1775 hita-ia
220 1714 310 1775 etiam
324 1712 458 1774 fortunae
470 1721 499 1775 et
512 1715 542 1774 in
554 1732 715 1793 paucorum
729 1722 902 1796 potestatem
913 1722 1073 1778 verunae.

112 1799 215 1860 omnis
231 1805 299 1858 ante
315 1814 348 1858 se
364 1797 498 1858 eonsules
512 1800 632 1859 sortitos
651 1801 815 1878 provincias
829 1817 907 1869 esse;
927 1818 1007 1861 nune
1021 1818 1071 1861 ex·
1083 1805 1116 1858 ιο

111 1888 159 1942 tra
181 1889 295 1944 sortem
317 1879 408 1942 iiahio
430 1889 563 1942 samam
582 1882 762 1961 provinciam
782 1884 862 1945 dare.
905 1884 931 1944 si
950 1883 1071 1945 honoris
1084 1888 1111 1941 11
1152 1887 1155 1892 '

114 1966 180 2027 eius
197 1982 301 2034 eausa,
321 1966 361 2025 ita
376 1981 443 2025 eum
457 1963 494 2023 de
504 1982 537 2025 se
548 1962 643 2044 deque
657 1981 691 2026 re
710 1963 826 2045 puhiiea
842 1965 979 2027 meritum
997 1984 1071 2037 esse,

115 2057 151 2109 ut
166 2049 265 2111 faveat
279 2048 313 2119 0.
329 2045 413 2109 Fahii
423 2043 548 2126 gloriae,
563 2064 638 2127 quae
652 2047 741 2109 modo
756 2065 816 2108 non
830 2065 882 2109 sua
897 2048 1073 2111 oontrmeha

116 2131 286 2211 splendeat:
310 2133 358 2193 eui
377 2137 475 2192 autem
496 2128 616 2192 duhium
632 2148 711 2201 esse,
730 2128 781 2191 uhi
793 2147 884 2192 uuum
905 2128 1015 2192 beilum
1036 2133 1073 2191 sit
1083 2140 1115 2193 12

118 2232 258 2294 asperum
268 2232 304 2277 aa
313 2212 445 2285 difficile,
462 2230 530 2274 eum
543 2212 574 2274 id
590 2211 676 2274 aiteri
690 2220 772 2275 extra
785 2221 895 2276 sortem
907 2213 1072 2285 mandetur,

2 2365 3 2370 ,
119 2301 194 2376 quin
209 2298 280 2361 aiter
289 2297 391 2360 consui
404 2314 459 2377 pre
470 2314 687 2377 supervacaneo
699 2304 786 2378 atque
799 2295 896 2358 inutili
910 2295 1073 2359 habeatur?

120 2380 241 2459 gloriari
261 2381 384 2444 Fabium
406 2379 496 2442 rehus
514 2381 546 2442 in
565 2382 683 2444 Etruria
703 2383 806 2461 gestis3
829 2380 903 2443 velie
924 2389 954 2443 et
967 2380 1000 2442 P.
1014 2380 1070 2444 lie·
1083 2388 1115 2443 it

2 2457 3 2478 ¹
120 2466 199 2528 oium
214 2464 347 2546 gloriari,
369 2472 398 2527 et
411 2464 548 2536 forsitan,
566 2483 654 2546 quem
668 2465 718 2527 iile
733 2465 871 2528 obrutum
884 2467 984 2546 ignem
1003 2464 1072 2527 reii-

120 2553 230 2629 querit,
246 2551 287 2612 ita
300 2558 333 2611 ut
346 2550 453 2611 totiens
468 2567 575 2612 novum
587 2567 623 2611 ex
638 2550 787 2630 inproviso
800 2552 969 2613 incendium
980 2550 1071 2623 daret,

120 2651 189 2696 eum
202 2653 235 2696 se
252 2636 456 2695 mdnoturum.
487 2641 637 2714 postremo
652 2652 684 2696 se
699 2634 828 2715 eoiiegae
842 2635 969 2698 honores
984 2642 1115 2716 prae-14

119 2720 238 2799 miaque
248 2734 456 2780 concessurum
467 2717 642 2779 verecundia
654 2721 756 2782 aetatis
767 2721 830 2781 eius
840 2721 1072 2800 malestatisque:

121 2819 189 2864 eum
199 2800 378 2881 perieulum,
395 2819 463 2863 oum
474 2801 620 2863 dimicatio
631 2805 781 2882 proposita
791 2805 843 2876 sit,
860 2821 955 2883 neque
966 2804 1073 2863 cedere

119 2903 173 2947 sua
187 2893 291 2965 sponte
304 2901 401 2966 neque
415 2902 580 2955 cessurum
597 2891 641 2954 et,
658 2886 684 2946 si
696 2885 770 2946 nihii
783 2885 860 2947 aliud
876 2903 962 2946 exeo
977 2892 1069 2944 certa-
1084 2891 1114 2942 lt

120 2970 202 3030 mine
217 2968 330 3042 trderit,
349 2967 422 3031 iilud
434 2976 514 3031 certe
528 2968 670 3039 laturum,
687 2974 734 3039 ut,
747 2968 826 3049 quod
838 2966 939 3048 populi
949 2968 1000 3036 sit,
1017 2984 1070 3047 po·

120 3052 434 3134 puimiuheatpotius,
449 3060 644 3133 quampatres
655 3053 864 3132 gratificentur.
885 3050 1113 3130 lovemopti·1t

122 3154 203 3202 mum
213 3138 372 3201 maximum
380 3135 683 3216 deosqueinmortaies
693 3156 725 3198 se
735 3138 860 3216 precari,
871 3143 905 3197 nt
913 3135 955 3196 ita
961 3140 1071 3197 sortem

122 3238 245 3304 aequam
260 3221 316 3283 sihi
330 3240 397 3283 oum
413 3217 524 3298 ooiiega
537 3218 622 3291 dent,
644 3222 670 3281 si
691 3219 814 3281 e'andem
827 3221 962 3281 dautem
978 3216 1071 3278 ieiioi·

122 3311 269 3387 mumque
291 3308 322 3369 iu
341 3303 419 3367 helio
438 3302 668 3366 administrando
683 3303 778 3365 daturi
793 3304 861 3365 sint.
890 3307 970 3363 oerta
989 3300 1020 3362 id
1040 3308 1071 3363 et
1082 3307 1112 3362 17

2 3439 3 3448 ,
123 3398 227 3454 natura
248 3407 374 3469 aequum
392 3396 425 3451 et
438 3385 572 3469 exemplo
589 3387 661 3450 utile
675 3406 740 3451 ease
757 3394 786 3450 et
798 3388 834 3449 ad
850 3387 957 3448 iamam
970 3384 1072 3468 popuii

123 3470 246 3537 Romani
265 3475 427 3554 pertinere,
455 3491 504 3535 eos
525 3471 658 3535 eonsules
679 3491 758 3544 esse,
785 3490 910 3549 quorum
931 3469 1072 3540 utrolibet
