2575 4067
336 187 434 292 'crena
448 251 478 292 x.
495 250 564 292 oar.
581 238 625 292 28.
641 238 685 292 20.
703 230 743 312 [a.
762 230 876 314 (1191]
1033 237 1094 301 179

128 397 308 478 pontificem,
324 416 413 478 quem
426 397 609 461 descendens
623 398 655 457 in
671 397 766 459 aciem
781 397 897 476 digredi
909 407 1042 462 vetuerat
1056 401 1093 463 ab

129 499 176 553 se,
195 482 314 563 praeire
328 483 414 543 iussit
436 482 541 552 rerba,
565 480 673 560 crnibus
704 498 736 542 se
758 480 950 562 legionesque
964 483 1093 547 bostium

128 583 183 646 pro
201 567 334 627 exercitu
348 565 451 646 populi
464 567 590 629 Romani
605 564 763 638 Quiritium
778 564 945 634 devoveret
973 566 1094 631 devotus
1104 576 1136 631 li

128 648 198 711 inde
221 647 325 710 eadem
344 651 518 730 precatione
548 649 713 730 eodemque
733 648 852 720 babitu,
876 667 935 730 quo
955 657 1040 729 pater
1060 652 1093 715 P.

129 733 234 795 Decius
254 731 290 795 ad
301 732 434 795 Veserim
452 733 530 796 bello
545 734 650 795 baino
665 750 698 795 se
714 734 842 796 iusserat
857 734 1008 806 devoveri,
1024 752 1092 798 cum
1105 744 1136 797 ic

129 816 291 879 secundum
307 816 467 880 sollemnes
484 819 672 898 precationes
694 817 851 880 adlecisset
869 835 943 899 prae
957 835 990 880 se
1005 836 1095 897 agere

128 918 193 962 sese
206 900 395 964 formidinem
411 920 446 964 ac
461 903 561 982 leugam
578 900 758 981 caedemque
775 919 810 965 ac
825 897 978 974 cruorem,
1000 902 1094 965 coele·

128 985 218 1046 stium
231 984 397 1048 inferorum
412 988 488 1059 iras,
505 993 710 1048 contacturum
730 983 905 1049 funebribus
921 985 994 1047 dir1s
1008 988 1092 1067 signa
1105 995 1137 1050 17

129 1066 189 1129 tela
204 1085 286 1130 arma
299 1068 444 1143 bostium,
461 1068 619 1152 locumque
637 1069 765 1132 eundem
780 1087 851 1132 suae
868 1071 960 1151 pestis
977 1088 1013 1132 ac
1025 1070 1093 1133 Gal·

128 1151 227 1213 lorum
241 1169 275 1215 ac
289 1153 465 1217 Samnitium
479 1155 554 1227 iore,
565 1188 609 1205 -
624 1153 699 1215 baec
714 1161 868 1216 execratus
882 1156 915 1216 in
928 1171 962 1216 se
978 1154 1093 1217 bostes·
1103 1162 1137 1215 le

129 1253 203 1316 que,
218 1254 276 1317 qua
296 1238 543 1301 confertissimam
564 1237 706 1301 cernebat
720 1236 871 1301 Gallorum
897 1240 1005 1309 aciem,
1022 1257 1093 1300 oon·

129 1322 200 1382 citat
220 1338 343 1402 equum,
365 1323 557 1404 inferensque
580 1324 697 1402 seipse
717 1322 832 1384 infestis
852 1322 919 1384 telis
941 1332 987 1385 est
1002 1324 1093 1385 inier-

128 1403 231 1467 iectus.
275 1404 377 1468 XXIX.
408 1408 463 1469 Vix
476 1407 624 1469 humanas
642 1405 714 1468 inde
734 1407 800 1487 opis
820 1407 915 1469 rideri
932 1415 1120 1489 pugnapoi

129 1489 193 1550 tuit.
228 1490 356 1552 Romani
381 1490 457 1554 duce
483 1493 605 1563 amisso,
635 1508 710 1572 quae
735 1507 785 1552 res
807 1494 916 1553 terrori
935 1490 1007 1553 elias
1028 1510 1092 1554 esse

129 1572 216 1644 solet,
233 1574 338 1637 sistere
356 1574 456 1655 iugem
474 1593 508 1637 ac
523 1593 629 1638 noram
645 1573 683 1636 de
703 1574 820 1654 integro
836 1573 911 1637 velle
925 1577 1092 1639 instaurare

128 1674 274 1737 pugnam
301 1657 391 1730 Galli,
419 1667 450 1721 et
467 1660 594 1722 maxime
615 1656 721 1739 globus
740 1660 936 1723 circumstans
962 1657 1122 1723 mosmos

129 1759 253 1822 corpus,
268 1740 347 1803 velut
361 1742 487 1805 alienata
502 1752 604 1806 mente
624 1761 699 1805 rena
712 1744 744 1804 in
760 1761 876 1806 cassum
890 1744 1001 1808 lecture
1016 1742 1091 1816 tels;

130 1832 251 1904 torpere
265 1825 384 1905 nudam
400 1834 430 1888 et
452 1845 510 1889 nec
533 1846 651 1910 pugnae
670 1828 841 1890 meminisse
858 1845 914 1890 nec
935 1828 1030 1908 lupae.
1062 1833 1121 1891 ati

130 1926 166 1970 ex
181 1914 266 1989 parte
281 1907 373 1973 altera
391 1911 525 1991 pontifex
538 1913 651 1983 Livius,
672 1912 720 1974 cni
739 1910 859 1974 lictores
879 1911 986 1973 Decius
1000 1912 1091 1974 tradi·

130 1991 214 2055 derat
238 1992 421 2076 iusseratque
445 2014 501 2077 pro
526 2004 666 2077 praetore
691 2012 771 2065 esse.
805 1994 963 2057 vociiereri
987 1996 1092 2059 vicisse

129 2076 292 2150 Romanos,
320 2078 475 2142 defunctos
500 2079 630 2143 consulis
655 2080 731 2150 isto,
762 2076 862 2140 Gallos
887 2078 1121 2160 Samnitesquet

129 2160 258 2223 Telluris
271 2165 375 2225 matris
393 2164 567 2226 acdeorum
582 2164 714 2225 manium
730 2179 811 2232 esse;
831 2179 938 2241 rapere
956 2162 994 2223 ad
1007 2181 1041 2223 se
1058 2180 1093 2224 ac

129 2263 235 2308 vocare
246 2247 367 2309 Decium
382 2248 517 2310 devotam
531 2265 633 2311 secum
644 2247 751 2318 aciem,
767 2245 971 2325 furiarumque
982 2262 1017 2306 ac
1030 2244 1092 2306 ior·

130 2329 248 2392 midinis
262 2329 350 2411 plena
365 2334 465 2395 omnia
481 2332 518 2394 ad
532 2332 633 2395 hostes
648 2349 723 2393 esse.
759 2331 972 2410 superveniunt
986 2327 1121 2390 deindeii

130 2414 177 2476 bis
191 2416 413 2479 restituentibus
434 2435 564 2498 pugnam
579 2417 612 2478 L.
630 2414 785 2480 Cornelius
808 2414 907 2495 Scipio
922 2420 951 2475 ct
968 2412 1092 2475 111111·-

131 2499 193 2560 clus
207 2516 275 2562 cum
290 2500 429 2563 subsidiis
443 2521 480 2564 ex
501 2503 661 2564 novissima
680 2501 744 2562 acie
763 2501 845 2561 iussu
867 2498 902 2572 Q.
917 2498 1001 2561 Fabii
1022 2515 1092 2559 oon·

130 2581 201 2645 sulis
215 2583 253 2644 ad
275 2585 455 2665 praesidinm
477 2585 608 2666 collegae
630 2585 721 2647 missi.
759 2583 802 2646 ibi
822 2584 940 2645 auditur
960 2583 993 2645 P.
1008 2583 1092 2647 liecli

130 2675 260 2742 eventus,
272 2671 377 2749 ingens
389 2669 545 2734 hortamen
557 2670 700 2733 adomnia
710 2687 766 2749 pro
776 2686 810 2731 re
821 2667 1089 2749 publicaaudenda.

129 2752 229 2832 ltaque
251 2770 320 2815 cum
336 2753 412 2816 Gelli
432 2756 552 2818 structis
571 2763 640 2816 ante
660 2772 693 2816 se
712 2755 804 2817 scutis
825 2753 953 2815 conferti
969 2758 1121 2823 stercuto

130 2853 187 2895 nec
203 2835 298 2896 iacilis
314 2838 391 2917 pede
405 2838 521 2902 conlato
537 2838 687 2900 rideretur
703 2855 816 2917 pugna,
831 2839 913 2898 iussu
927 2835 1093 2914 legatorum

131 2915 265 2978 conlecta
279 2919 363 2980 bumi
376 2921 450 3000 pila,
466 2942 541 3005 quae
556 2928 648 2985 strata
662 2921 741 2981 inter
756 2919 829 2981 dnae
850 2922 929 2980 acles
946 2917 1092 2986 iacebant,

131 3007 219 3081 atque
241 3002 273 3062 in
294 3003 472 3068 testudinem
491 3008 621 3069 bostium
644 3004 788 3066 coniecta.
823 3001 931 3082 quibus
944 2998 1122 3080 plerisques

129 3088 162 3147 in
178 3092 261 3147 scuta
282 3086 359 3147 raris
379 3088 411 3149 ln
431 3105 557 3169 corpora
574 3091 638 3169 ipsa
658 3088 724 3151 lixis
749 3087 1031 3154 sterniturcnneus,
1054 3085 1093 3144 ita

130 3176 163 3231 ut
179 3188 288 3251 magna
312 3188 383 3252 pars
403 3173 528 3251 integris
548 3171 724 3252 corporibus
751 3170 868 3233 attoniti
892 3167 1093 3231 conciderent

130 3256 204 3318 baec
226 3257 257 3318 in
278 3258 399 3318 sinistro
421 3273 515 3318 cornu
545 3255 746 3318 Romanorum
779 3253 898 3315 fortuna
921 3252 1094 3315 rariorerat

130 3338 238 3402 Fabius
256 3342 289 3404 in
311 3341 416 3405 dextro
435 3342 548 3421 primo,
569 3347 604 3401 ut
626 3337 826 3401 antedictum
848 3343 908 3409 est,
930 3334 1096 3398 cunctando
1106 3342 1131 3416 sl

131 3432 298 3489 extraxerat
314 3425 407 3497 diem;
424 3426 507 3498 dein,
525 3430 682 3506 postquam
697 3439 753 3484 nec
767 3420 880 3484 clamor
893 3420 1023 3483 bostium
1039 3437 1094 3482 nec

131 3509 257 3589 impetus
272 3529 328 3574 nec
348 3510 406 3575 tela
420 3513 510 3574 missa
524 3507 649 3574 eandem
663 3508 722 3571 rim
736 3505 849 3570 bebere
863 3506 938 3578 rina,
960 3504 1124 3585 precise-e

824 3593 889 3657 12*
