2575 4067
219 213 282 278 leo
415 227 510 270 111111
524 229 556 270 x.
572 214 759 271 11111111.
778 206 819 288 [a.
836 229 868 271 u.
885 207 988 288 1411]

219 379 258 439 tis
273 377 404 457 equitum
425 376 514 438 iussis
534 374 664 437 adlatus
680 374 856 437 Samnitium
871 374 1095 445 circumducere
1114 373 1189 448 alas,

219 466 253 523 ut
269 460 355 540 signo
370 459 438 521 dato
461 459 493 521 ln
514 466 700 521 transversos
715 465 825 538 quanto
846 460 975 520 maximo
988 466 1112 538 possent
1128 461 1189 521 im·

219 553 291 626 potu
321 545 527 615 incurrerent,
558 544 670 605 sensim
694 560 764 605 suos
794 544 878 621 signa
902 542 1016 604 inierre
1045 543 1130 604 iussit
1156 553 1189 605 et

179 633 409 691 iocommovere
429 627 555 689 bostem.
591 633 749 708 postquam
776 644 837 688 non
857 627 956 688 resisti
969 626 1042 687 vidit
1059 634 1090 688 et
1104 628 1188 689 haud

220 712 340 775 dubiam
359 710 563 775 lassitudinem
585 728 664 782 esse,
683 719 748 773 tum
768 709 911 772 conlectis
929 709 1067 772 omnibus
1087 711 1186 773 subsi-

219 796 285 870 diis,
303 814 380 877 quae
391 796 429 858 ad
442 795 474 857 ld
483 803 601 876 tempus
612 801 828 866 reservaverat,
843 802 873 856 et
882 792 1016 873 legiones
1028 796 1187 857 concitavit

179 888 207 941 11
222 888 252 943 11
265 881 384 961 signum
397 879 435 941 ad
445 878 627 942 invadendos
638 880 739 941 hostes
756 878 904 959 equitibus
916 877 1006 941 dedit
1033 881 1185 941 neosusti·

220 971 351 1028 nuerunt
364 964 512 1027 Samnites
526 965 685 1044 impetum,
700 970 880 1044 praeterque
897 963 990 1025 aciem
1003 964 1100 1043 ipsam
1115 961 1185 1025 Gal·

220 1048 317 1112 lorum
334 1046 447 1111 relictis
461 1049 493 1109 in
508 1047 697 1110 dimicatione
710 1048 798 1109 sociis
818 1046 856 1109 ad
871 1054 967 1109 castra
987 1046 1079 1109 ense
1094 1065 1186 1110 cursu

179 1140 213 1193 12
223 1132 406 1196 ferebantur.
442 1131 519 1196 Galli
546 1132 695 1194 testudine
720 1131 798 1193 iacta
813 1130 940 1194 conierti
961 1128 1088 1194 stabant.
1120 1140 1185 1194 tum

219 1215 328 1280 Fabius
348 1217 447 1279 audita
470 1223 567 1281 morte
588 1215 719 1295 collegae
742 1215 959 1296 Campanorum
984 1213 1076 1315 11111,
1097 1215 1185 1297 quin·

180 1298 1186 1465 aaddittildutllltttltllt.inimisit}

220 1470 361 1550 subsequi
377 1470 528 1550 principes
550 1476 594 1541 et,
619 1487 679 1551 qua
699 1466 850 1530 turbatum
870 1484 978 1547 agmen
998 1466 1128 1530 besdum
1141 1470 1185 1529 ri·

180 1559 213 1612 lt
225 1552 332 1615 dorent
344 1554 457 1632 impetu
472 1554 619 1632 equium,
639 1554 751 1616 instare
766 1569 801 1614 ac
817 1553 938 1613 territos
958 1550 1093 1614 caedere.
1118 1553 1186 1632 ipsc

222 1636 325 1698 aedem
347 1635 409 1697 lori
430 1635 541 1697 Victori
562 1636 714 1718 spoliaque
733 1637 863 1699 hostium
888 1653 956 1698 cum
980 1637 1119 1707 11111111,
1147 1654 1185 1698 ao

148 1769 153 1780 .
222 1726 317 1779 castra
332 1718 507 1781 Samnitium
522 1723 668 1801 perrexit,
685 1740 742 1800 quo
759 1718 915 1782 multitudo
931 1721 1028 1782 omnis
1052 1727 1184 1781 conster-

179 1809 213 1862 11
224 1810 293 1864 nata
307 1801 459 1882 agebatur.
488 1802 544 1866 sub
559 1806 624 1884 ipso
638 1804 729 1878 uallo,
751 1805 819 1885 quia
839 1811 952 1866 11111111
965 1803 1184 1867 multitudinem

222 1893 326 1967 portae
343 1905 404 1950 non
420 1905 577 1968 recepere,
598 1896 740 1969 temptata
761 1887 798 1950 ab
819 1886 946 1951 exclusis
959 1887 1047 1951 turba
1061 1906 1185 1951 suorum

179 1975 323 2051 repugna
338 1979 392 2033 est.
421 1970 464 2033 ibi
478 1970 588 2035 Gellius
601 1972 742 2053 Egnatius
761 1973 923 2053 imperator
940 1972 1117 2035 Samrridum
1136 1991 1185 2034 ce·

222 2054 302 2116 cidit.
340 2055 474 2136 conpulsi
497 2056 604 2119 deinde
628 2059 707 2128 intra
734 2054 842 2118 vallum
863 2056 1009 2119 Samnites
1035 2073 1186 2137 parvoque

222 2140 384 2202 certamine
409 2148 494 2221 capta
523 2149 618 2203 eastra
643 2148 674 2202 et
697 2138 773 2203 Galli
798 2139 835 2202 ab
868 2147 952 2219 tergo
981 2140 1184 2203 circumventi

180 2228 212 2281 11
225 2240 310 2285 caesa
334 2242 369 2285 eo
390 2224 438 2286 die
460 2225 591 2287 bostium
613 2225 717 2303 rigiuti
737 2225 867 2304 quinque
888 2223 982 2295 milia,
1005 2229 1073 2285 octo
1088 2233 1184 2305 capta.

180 2311 280 2369 18111
304 2309 461 2370 incruenta
485 2309 607 2370 victoria
642 2307 711 2370 fuit:
739 2326 809 2369 nam
829 2326 866 2370 ex
889 2308 923 2369 P.
946 2308 1028 2371 Decii
1053 2310 1181 2371 exercitt

221 2409 305 2452 caesa
325 2400 439 2472 septem
469 2391 565 2464 milia,
588 2411 625 2453 11
640 2391 712 2454 Fabi
734 2390 816 2453 mille
843 2393 1032 2472 septingenti.
1078 2392 1184 2455 Fabius

222 2473 349 2536 dimissis
370 2474 409 2537 ad
429 2475 631 2555 quaerendum
653 2474 784 2555 collegae
804 2494 913 2555 corpus
940 2475 1033 2556 spolia
1055 2477 1182 2539 bostium

181 2558 358 2619 1111111111
389 2558 422 2618 ln
456 2576 594 2620 acervum
620 2559 682 2620 lovi
707 2560 819 2621 Victori
851 2561 1001 2623 cremavit.
1057 2560 1183 2622 consulis

221 2656 330 2717 corpus
351 2657 387 2700 eo
407 2639 470 2712 die,
490 2643 558 2720 quia
579 2640 720 2704 obrutum
744 2645 934 2724 superstratis
960 2642 1111 2707 Gallorum
1131 2662 1183 2706 cu·

220 2719 309 2782 mulis
341 2728 419 2793 erat,
444 2724 572 2785 inveniri
587 2741 649 2786 non
665 2728 775 2806 potuit;
802 2733 922 2808 postero
959 2728 1008 2790 dle
1032 2730 1182 2793 inventum

178 2802 408 2886 admiratumque
432 2814 478 2868 est
507 2825 575 2869 cum
613 2807 714 2872 multis
743 2810 869 2874 militum
899 2810 1048 2875 lacrumis.
1092 2815 1182 2875 inter·

220 2891 310 2951 missa
322 2889 392 2952 inde
414 2892 546 2953 omnium
566 2891 689 2956 aliarum
715 2912 816 2957 rerum
832 2898 914 2958 cura*
927 2895 1036 2959 Fabius
1054 2896 1184 2976 collegae

194 2975 309 3036 liunus
323 2976 405 3037 omni
415 2975 530 3038 bonore
543 2975 737 3057 laudibusque
750 2980 864 3041 meritis
881 2978 1021 3044 celebrat
1044 2980 1132 3044 111111.
1148 2981 1185 3043 iit

220 3060 252 3118 in
275 3058 393 3121 Etruria
416 3078 471 3140 per
492 3059 611 3123 cosdem
634 3061 697 3123 dics
722 3061 759 3124 ab
785 3064 837 3125 Cn.
864 3063 965 3126 Fulvio
990 3071 1184 3146 propraetore

220 3159 270 3203 res
295 3159 332 3203 11
345 3145 492 3205 sententia
511 3152 607 3223 gesta,
630 3152 661 3207 et
679 3154 799 3225 praeter
820 3148 972 3228 ingentem
985 3147 1108 3214 inlatam
1130 3167 1184 3229 po·

221 3223 420 3305 puletionibus
434 3245 574 3305 agrorum
597 3228 677 3291 hosti
687 3228 801 3298 cladem
815 3239 978 3312 pugnatum
994 3234 1083 3295 eiiam
1099 3250 1183 3313 egre·

193 3310 269 3385 agie
294 3316 352 3380 est,
378 3310 648 3392 Perusinorumque
675 3322 705 3375 et
729 3313 916 3378 Clusinorum
941 3334 1026 3379 caesa
1059 3316 1185 3397 amplius

193 3391 302 3451 imilla
315 3393 372 3454 tria
387 3402 416 3454 et
438 3397 521 3474 signa
548 3395 686 3459 militaria
704 3397 741 3459 ad
756 3399 858 3478 viginti
876 3407 971 3480 capis.
1008 3400 1184 3462 Samnitium

223 3488 329 3549 agmen
361 3493 428 3537 cum
463 3496 518 3556 per
546 3479 718 3576 Padignum
754 3500 858 3562 agrum
883 3482 1022 3561 lugeret,
1057 3486 1184 3546 circum-
