<?xml version="1.0" encoding="UTF-8"?>
<!DOCTYPE html PUBLIC "-//W3C//DTD XHTML 1.0 Transitional//EN"
    "http://www.w3.org/TR/xhtml1/DTD/xhtml1-transitional.dtd">
<html xmlns="http://www.w3.org/1999/xhtml" xml:lang="en" lang="en">
 <head>
  <title>
</title>
<meta http-equiv="Content-Type" content="text/html;charset=utf-8" />
  <meta name='ocr-system' content='tesseract 3.04.00' />
  <meta name='ocr-capabilities' content='ocr_page ocr_carea ocr_par ocr_line ocrx_word'/>
</head>
<body>
  <div class='ocr_page' id='page_1' title='image "./aburbeconditali12livygoog_0218.png"; bbox 0 0 2575 4067; ppageno 0'>
   <div class='ocr_carea' id='block_1_1' title="bbox 239 220 1007 306">
    <p class='ocr_par' dir='ltr' id='par_1_1' title="bbox 239 220 1007 306">
     <span class='ocr_line' id='line_1_1' title="bbox 239 220 1007 306; baseline -0.017 -12"><span class='ocrx_word' id='word_1_1' title='bbox 239 231 300 294; x_wconf 84' lang='lat'><strong>212</strong></span> <span class='ocrx_word' id='word_1_2' title='bbox 428 244 521 286; x_wconf 80' lang='lat' dir='ltr'><strong>trees</strong></span> <span class='ocrx_word' id='word_1_3' title='bbox 535 243 599 287; x_wconf 79' lang='lat' dir='ltr'><strong>xxa.</strong></span> <span class='ocrx_word' id='word_1_4' title='bbox 615 242 684 286; x_wconf 74' lang='lat' dir='ltr'><strong>oar.</strong></span> <span class='ocrx_word' id='word_1_5' title='bbox 700 229 727 286; x_wconf 81' lang='lat'><strong>9.</strong></span> <span class='ocrx_word' id='word_1_6' title='bbox 743 231 785 283; x_wconf 87' lang='lat'><strong>10.</strong></span> <span class='ocrx_word' id='word_1_7' title='bbox 800 221 842 304; x_wconf 79' lang='lat' dir='ltr'><strong>[a.</strong></span> <span class='ocrx_word' id='word_1_8' title='bbox 857 245 888 285; x_wconf 86' lang='lat' dir='ltr'><strong>u.</strong></span> <span class='ocrx_word' id='word_1_9' title='bbox 903 245 930 285; x_wconf 88' lang='lat' dir='ltr'><strong>c.</strong></span> <span class='ocrx_word' id='word_1_10' title='bbox 945 220 1007 306; x_wconf 77' lang='lat' dir='ltr'><strong>aad]</strong></span> 
     </span>
    </p>
   </div>
   <div class='ocr_carea' id='block_1_2' title="bbox 210 388 1224 2050">
    <p class='ocr_par' dir='ltr' id='par_1_2' title="bbox 210 388 1224 2050">
     <span class='ocr_line' id='line_1_2' title="bbox 240 388 1224 469; baseline -0.001 -15"><span class='ocrx_word' id='word_1_11' title='bbox 240 392 297 454; x_wconf 89' lang='lat' dir='ltr'><strong>bus</strong></span> <span class='ocrx_word' id='word_1_12' title='bbox 311 390 425 454; x_wconf 83' lang='lat' dir='ltr'><strong>ebriam</strong></span> <span class='ocrx_word' id='word_1_13' title='bbox 444 390 480 452; x_wconf 89' lang='lat' dir='ltr'><strong>ad</strong></span> <span class='ocrx_word' id='word_1_14' title='bbox 499 407 582 451; x_wconf 90' lang='lat' dir='ltr'><strong>mare</strong></span> <span class='ocrx_word' id='word_1_15' title='bbox 596 390 677 451; x_wconf 88' lang='lat' dir='ltr'><strong>missi</strong></span> <span class='ocrx_word' id='word_1_16' title='bbox 698 389 734 451; x_wconf 93' lang='lat' dir='ltr'><strong>ab</strong></span> <span class='ocrx_word' id='word_1_17' title='bbox 747 388 910 452; x_wconf 87' lang='lat' dir='ltr'><strong>llannibale</strong></span> <span class='ocrx_word' id='word_1_18' title='bbox 927 391 978 469; x_wconf 89' lang='lat' dir='ltr'><strong>qui</strong></span> <span class='ocrx_word' id='word_1_19' title='bbox 995 390 1133 451; x_wconf 78' lang='lat' dir='ltr'>dicerent</span> <span class='ocrx_word' id='word_1_20' title='bbox 1151 409 1224 453; x_wconf 90' lang='lat' dir='ltr'><strong>nec</strong></span> 
     </span>
     <span class='ocr_line' id='line_1_3' title="bbox 240 474 1207 552; baseline -0.002 -15"><span class='ocrx_word' id='word_1_21' title='bbox 240 482 302 537; x_wconf 91' lang='lat' dir='ltr'><strong>tuto</strong></span> <span class='ocrx_word' id='word_1_22' title='bbox 314 492 364 537; x_wconf 87' lang='lat' dir='ltr'><strong>eos</strong></span> <span class='ocrx_word' id='word_1_23' title='bbox 375 474 506 536; x_wconf 87' lang='lat' dir='ltr'><strong>adituros</strong></span> <span class='ocrx_word' id='word_1_24' title='bbox 522 476 600 534; x_wconf 91' lang='lat' dir='ltr'><strong>inter</strong></span> <span class='ocrx_word' id='word_1_25' title='bbox 616 481 658 535; x_wconf 92' lang='lat' dir='ltr'><strong>tot</strong></span> <span class='ocrx_word' id='word_1_26' title='bbox 672 482 732 534; x_wconf 93' lang='lat' dir='ltr'><strong>tam</strong></span> <span class='ocrx_word' id='word_1_27' title='bbox 743 474 951 534; x_wconf 76' lang='lat' dir='ltr'><strong>effrenatarum</strong></span> <span class='ocrx_word' id='word_1_28' title='bbox 962 475 1094 552; x_wconf 89' lang='lat' dir='ltr'><strong>gentium</strong></span> <span class='ocrx_word' id='word_1_29' title='bbox 1107 492 1207 536; x_wconf 87' lang='lat' dir='ltr'><strong>arma</strong></span> 
     </span>
     <span class='ocr_line' id='line_1_4' title="bbox 240 556 1219 637; baseline 0.001 -18"><span class='ocrx_word' id='word_1_30' title='bbox 240 575 295 619; x_wconf 91' lang='lat' dir='ltr'><strong>nec</strong></span> <span class='ocrx_word' id='word_1_31' title='bbox 310 556 467 619; x_wconf 89' lang='lat' dir='ltr'><strong>llannibali</strong></span> <span class='ocrx_word' id='word_1_32' title='bbox 481 558 512 617; x_wconf 92' lang='lat' dir='ltr'><strong>in</strong></span> <span class='ocrx_word' id='word_1_33' title='bbox 529 564 610 618; x_wconf 91' lang='lat' dir='ltr'><strong>tanto</strong></span> <span class='ocrx_word' id='word_1_34' title='bbox 620 557 790 618; x_wconf 82' lang='lat' dir='ltr'><strong>discrimine</strong></span> <span class='ocrx_word' id='word_1_35' title='bbox 807 574 908 618; x_wconf 90' lang='lat' dir='ltr'><strong>rerum</strong></span> <span class='ocrx_word' id='word_1_36' title='bbox 920 574 1029 636; x_wconf 89' lang='lat' dir='ltr'><strong>operae</strong></span> <span class='ocrx_word' id='word_1_37' title='bbox 1039 575 1105 617; x_wconf 89' lang='lat' dir='ltr'><strong>esse</strong></span> <span class='ocrx_word' id='word_1_38' title='bbox 1120 556 1219 637; x_wconf 89' lang='lat' dir='ltr'><strong>lega·</strong></span> 
     </span>
     <span class='ocr_line' id='line_1_5' title="bbox 215 639 1216 721; baseline 0.001 -20"><span class='ocrx_word' id='word_1_39' title='bbox 215 643 335 703; x_wconf 71' lang='lat' dir='ltr'><strong>odones</strong></span> <span class='ocrx_word' id='word_1_40' title='bbox 350 641 461 702; x_wconf 88' lang='lat' dir='ltr'><strong>audire.</strong></span> <span class='ocrx_word' id='word_1_41' title='bbox 491 640 652 720; x_wconf 79' lang='lat' dir='ltr'><strong>apparebat</strong></span> <span class='ocrx_word' id='word_1_42' title='bbox 665 657 725 701; x_wconf 92' lang='lat' dir='ltr'><strong>uon</strong></span> <span class='ocrx_word' id='word_1_43' title='bbox 747 639 889 702; x_wconf 88' lang='lat' dir='ltr'><strong>admissos</strong></span> <span class='ocrx_word' id='word_1_44' title='bbox 905 639 1113 718; x_wconf 79' lang='lat' dir='ltr'><strong>Carthaginem</strong></span> <span class='ocrx_word' id='word_1_45' title='bbox 1130 660 1216 721; x_wconf 89' lang='lat' dir='ltr'><strong>pro·</strong></span> 
     </span>
     <span class='ocr_line' id='line_1_6' title="bbox 238 722 1215 803; baseline -0.001 -17"><span class='ocrx_word' id='word_1_46' title='bbox 238 726 318 786; x_wconf 90' lang='lat' dir='ltr'><strong>tinus</strong></span> <span class='ocrx_word' id='word_1_47' title='bbox 332 727 435 786; x_wconf 86' lang='lat' dir='ltr'><strong>ituros.</strong></span> <span class='ocrx_word' id='word_1_48' title='bbox 467 722 579 786; x_wconf 78' lang='lat' dir='ltr'><strong>litteras</strong></span> <span class='ocrx_word' id='word_1_49' title='bbox 597 724 687 801; x_wconf 88' lang='lat' dir='ltr'><strong>igitur</strong></span> <span class='ocrx_word' id='word_1_50' title='bbox 709 725 885 803; x_wconf 74' lang='lat' dir='ltr'><strong>nuntiosque</strong></span> <span class='ocrx_word' id='word_1_51' title='bbox 907 723 944 784; x_wconf 93' lang='lat' dir='ltr'><strong>ad</strong></span> <span class='ocrx_word' id='word_1_52' title='bbox 965 724 1118 803; x_wconf 82' lang='lat' dir='ltr'><strong>principes</strong></span> <span class='ocrx_word' id='word_1_53' title='bbox 1141 724 1215 785; x_wconf 85' lang='lat' dir='ltr'><strong>lac·</strong></span> 
     </span>
     <span class='ocr_line' id='line_1_7' title="bbox 239 807 1213 887; baseline 0 -18"><span class='ocrx_word' id='word_1_54' title='bbox 239 809 326 870; x_wconf 89' lang='lat' dir='ltr'><strong>tionis</strong></span> <span class='ocrx_word' id='word_1_55' title='bbox 336 808 479 869; x_wconf 87' lang='lat' dir='ltr'><strong>Barcinae</strong></span> <span class='ocrx_word' id='word_1_56' title='bbox 490 807 660 886; x_wconf 85' lang='lat' dir='ltr'><strong>praemittit,</strong></span> <span class='ocrx_word' id='word_1_57' title='bbox 672 814 704 868; x_wconf 93' lang='lat' dir='ltr'><strong>ut</strong></span> <span class='ocrx_word' id='word_1_58' title='bbox 716 815 930 887; x_wconf 87' lang='lat' dir='ltr'><strong>praepararent</strong></span> <span class='ocrx_word' id='word_1_59' title='bbox 939 823 1062 868; x_wconf 91' lang='lat' dir='ltr'><strong>suorum</strong></span> <span class='ocrx_word' id='word_1_60' title='bbox 1073 808 1213 879; x_wconf 88' lang='lat' dir='ltr'><strong>animos,</strong></span> 
     </span>
     <span class='ocr_line' id='line_1_8' title="bbox 239 888 1211 971; baseline 0.001 -19"><span class='ocrx_word' id='word_1_61' title='bbox 239 910 277 953; x_wconf 92' lang='lat' dir='ltr'><strong>ue</strong></span> <span class='ocrx_word' id='word_1_62' title='bbox 300 891 370 971; x_wconf 91' lang='lat' dir='ltr'><strong>quid</strong></span> <span class='ocrx_word' id='word_1_63' title='bbox 392 908 462 971; x_wconf 85' lang='lat' dir='ltr'><strong>pars</strong></span> <span class='ocrx_word' id='word_1_64' title='bbox 488 889 579 951; x_wconf 89' lang='lat' dir='ltr'><strong>altera</strong></span> <span class='ocrx_word' id='word_1_65' title='bbox 612 890 769 968; x_wconf 86' lang='lat' dir='ltr'><strong>gratificari</strong></span> <span class='ocrx_word' id='word_1_66' title='bbox 794 888 903 969; x_wconf 90' lang='lat' dir='ltr'><strong>populo</strong></span> <span class='ocrx_word' id='word_1_67' title='bbox 928 889 1060 951; x_wconf 89' lang='lat' dir='ltr'><strong>Romano</strong></span> <span class='ocrx_word' id='word_1_68' title='bbox 1087 901 1211 970; x_wconf 89' lang='lat' dir='ltr'><strong>posset.</strong></span> 
     </span>
     <span class='ocr_line' id='line_1_9' title="bbox 213 972 1210 1054; baseline 0.002 -20"><span class='ocrx_word' id='word_1_69' title='bbox 213 975 272 1036; x_wconf 84' lang='lat' dir='ltr'><strong>lii.</strong></span> <span class='ocrx_word' id='word_1_70' title='bbox 304 973 418 1054; x_wconf 90' lang='lat' dir='ltr'><strong>ltaque,</strong></span> <span class='ocrx_word' id='word_1_71' title='bbox 441 981 648 1054; x_wconf 76' lang='lat' dir='ltr'><strong>praeterquam</strong></span> <span class='ocrx_word' id='word_1_72' title='bbox 662 973 741 1053; x_wconf 94' lang='lat' dir='ltr'><strong>quod</strong></span> <span class='ocrx_word' id='word_1_73' title='bbox 756 972 876 1035; x_wconf 84' lang='lat' dir='ltr'><strong>admissi</strong></span> <span class='ocrx_word' id='word_1_74' title='bbox 890 973 1039 1054; x_wconf 87' lang='lat' dir='ltr'><strong>auditique</strong></span> <span class='ocrx_word' id='word_1_75' title='bbox 1058 981 1145 1044; x_wconf 89' lang='lat' dir='ltr'><strong>sunt,</strong></span> <span class='ocrx_word' id='word_1_76' title='bbox 1171 993 1210 1036; x_wconf 92' lang='lat' dir='ltr'><strong>ea</strong></span> 
     </span>
     <span class='ocr_line' id='line_1_10' title="bbox 211 1055 1210 1138; baseline 0.003 -22"><span class='ocrx_word' id='word_1_77' title='bbox 211 1067 355 1138; x_wconf 80' lang='lat' dir='ltr'><strong>aquaque</strong></span> <span class='ocrx_word' id='word_1_78' title='bbox 369 1075 443 1119; x_wconf 89' lang='lat' dir='ltr'><strong>vana</strong></span> <span class='ocrx_word' id='word_1_79' title='bbox 456 1063 543 1137; x_wconf 90' lang='lat' dir='ltr'><strong>atque</strong></span> <span class='ocrx_word' id='word_1_80' title='bbox 557 1057 646 1117; x_wconf 89' lang='lat' dir='ltr'><strong>lnrita</strong></span> <span class='ocrx_word' id='word_1_81' title='bbox 661 1055 768 1135; x_wconf 85' lang='lat' dir='ltr'><strong>legatio</strong></span> <span class='ocrx_word' id='word_1_82' title='bbox 782 1055 846 1117; x_wconf 82' lang='lat' dir='ltr'><strong>luit.</strong></span> <span class='ocrx_word' id='word_1_83' title='bbox 878 1056 984 1118; x_wconf 85' lang='lat' dir='ltr'><strong>Hanno</strong></span> <span class='ocrx_word' id='word_1_84' title='bbox 999 1073 1075 1118; x_wconf 88' lang='lat' dir='ltr'><strong>unus</strong></span> <span class='ocrx_word' id='word_1_85' title='bbox 1095 1057 1210 1119; x_wconf 90' lang='lat' dir='ltr'><strong>adrer-</strong></span> 
     </span>
     <span class='ocr_line' id='line_1_11' title="bbox 238 1138 1209 1221; baseline 0 -18"><span class='ocrx_word' id='word_1_86' title='bbox 238 1160 288 1203; x_wconf 87' lang='lat' dir='ltr'><strong>sus</strong></span> <span class='ocrx_word' id='word_1_87' title='bbox 320 1147 454 1202; x_wconf 91' lang='lat' dir='ltr'><strong>senatum</strong></span> <span class='ocrx_word' id='word_1_88' title='bbox 484 1156 601 1202; x_wconf 88' lang='lat' dir='ltr'><strong>causam</strong></span> <span class='ocrx_word' id='word_1_89' title='bbox 630 1139 758 1201; x_wconf 81' lang='lat' dir='ltr'><strong>foederis</strong></span> <span class='ocrx_word' id='word_1_90' title='bbox 793 1156 900 1219; x_wconf 90' lang='lat' dir='ltr'><strong>magno</strong></span> <span class='ocrx_word' id='word_1_91' title='bbox 929 1138 1046 1201; x_wconf 86' lang='lat' dir='ltr'><strong>silentio</strong></span> <span class='ocrx_word' id='word_1_92' title='bbox 1074 1149 1209 1221; x_wconf 90' lang='lat' dir='ltr'><strong>propter</strong></span> 
     </span>
     <span class='ocr_line' id='line_1_12' title="bbox 210 1222 1204 1305; baseline 0.002 -21"><span class='ocrx_word' id='word_1_93' title='bbox 210 1225 439 1287; x_wconf 79' lang='lat' dir='ltr'><strong>tauctoritatem</strong></span> <span class='ocrx_word' id='word_1_94' title='bbox 451 1242 549 1294; x_wconf 89' lang='lat' dir='ltr'><strong>suam,</strong></span> <span class='ocrx_word' id='word_1_95' title='bbox 567 1240 628 1284; x_wconf 92' lang='lat' dir='ltr'><strong>non</strong></span> <span class='ocrx_word' id='word_1_96' title='bbox 639 1241 707 1285; x_wconf 92' lang='lat' dir='ltr'><strong>cum</strong></span> <span class='ocrx_word' id='word_1_97' title='bbox 721 1222 847 1285; x_wconf 87' lang='lat' dir='ltr'><strong>adsensu</strong></span> <span class='ocrx_word' id='word_1_98' title='bbox 859 1222 1039 1284; x_wconf 89' lang='lat' dir='ltr'><strong>audientium</strong></span> <span class='ocrx_word' id='word_1_99' title='bbox 1051 1225 1127 1302; x_wconf 84' lang='lat' dir='ltr'><strong>egit,</strong></span> <span class='ocrx_word' id='word_1_100' title='bbox 1146 1244 1204 1305; x_wconf 87' lang='lat' dir='ltr'><strong>per</strong></span> 
     </span>
     <span class='ocr_line' id='line_1_13' title="bbox 240 1305 1207 1379; baseline 0.001 -10"><span class='ocrx_word' id='word_1_101' title='bbox 240 1308 310 1370; x_wconf 92' lang='lat' dir='ltr'><strong>deos</strong></span> <span class='ocrx_word' id='word_1_102' title='bbox 330 1307 484 1369; x_wconf 78' lang='lat' dir='ltr'><strong>foederum</strong></span> <span class='ocrx_word' id='word_1_103' title='bbox 506 1306 633 1368; x_wconf 85' lang='lat' dir='ltr'><strong>arbitros</strong></span> <span class='ocrx_word' id='word_1_104' title='bbox 655 1324 690 1368; x_wconf 93' lang='lat' dir='ltr'><strong>ac</strong></span> <span class='ocrx_word' id='word_1_105' title='bbox 709 1307 792 1367; x_wconf 88' lang='lat' dir='ltr'><strong>testis</strong></span> <span class='ocrx_word' id='word_1_106' title='bbox 812 1312 947 1367; x_wconf 90' lang='lat' dir='ltr'><strong>senatum</strong></span> <span class='ocrx_word' id='word_1_107' title='bbox 969 1305 1137 1379; x_wconf 87' lang='lat' dir='ltr'><strong>obtestans,</strong></span> <span class='ocrx_word' id='word_1_108' title='bbox 1164 1327 1207 1370; x_wconf 90' lang='lat' dir='ltr'><strong>ne</strong></span> 
     </span>
     <span class='ocr_line' id='line_1_14' title="bbox 239 1388 1204 1468; baseline 0.002 -15"><span class='ocrx_word' id='word_1_109' title='bbox 239 1392 404 1453; x_wconf 85' lang='lat' dir='ltr'><strong>Romanum</strong></span> <span class='ocrx_word' id='word_1_110' title='bbox 425 1408 492 1453; x_wconf 91' lang='lat' dir='ltr'><strong>cum</strong></span> <span class='ocrx_word' id='word_1_111' title='bbox 508 1390 670 1468; x_wconf 86' lang='lat' dir='ltr'><strong>Saguntino</strong></span> <span class='ocrx_word' id='word_1_112' title='bbox 693 1389 869 1451; x_wconf 85' lang='lat' dir='ltr'><strong>suscitarent</strong></span> <span class='ocrx_word' id='word_1_113' title='bbox 890 1388 1016 1451; x_wconf 92' lang='lat' dir='ltr'><strong>bellum:</strong></span> <span class='ocrx_word' id='word_1_114' title='bbox 1039 1392 1204 1462; x_wconf 89' lang='lat' dir='ltr'><strong>monuisse,</strong></span> 
     </span>
     <span class='ocr_line' id='line_1_15' title="bbox 240 1471 1205 1555; baseline 0.002 -20"><span class='ocrx_word' id='word_1_115' title='bbox 240 1475 421 1555; x_wconf 78' lang='lat' dir='ltr'><strong>praedixisse</strong></span> <span class='ocrx_word' id='word_1_116' title='bbox 440 1491 486 1542; x_wconf 90' lang='lat' dir='ltr'><strong>se,</strong></span> <span class='ocrx_word' id='word_1_117' title='bbox 513 1490 552 1533; x_wconf 91' lang='lat' dir='ltr'><strong>ne</strong></span> <span class='ocrx_word' id='word_1_118' title='bbox 571 1471 745 1535; x_wconf 86' lang='lat' dir='ltr'><strong>Hamilcaris</strong></span> <span class='ocrx_word' id='word_1_119' title='bbox 769 1473 943 1551; x_wconf 82' lang='lat' dir='ltr'><strong>progeniem</strong></span> <span class='ocrx_word' id='word_1_120' title='bbox 976 1471 1012 1535; x_wconf 91' lang='lat' dir='ltr'><strong>ad</strong></span> <span class='ocrx_word' id='word_1_121' title='bbox 1036 1474 1205 1537; x_wconf 83' lang='lat' dir='ltr'><strong>exercitum</strong></span> 
     </span>
     <span class='ocr_line' id='line_1_16' title="bbox 238 1557 1203 1635; baseline 0 -17"><span class='ocrx_word' id='word_1_122' title='bbox 238 1558 404 1618; x_wconf 88' lang='lat' dir='ltr'><strong>mitterent:</strong></span> <span class='ocrx_word' id='word_1_123' title='bbox 444 1571 504 1616; x_wconf 91' lang='lat' dir='ltr'><strong>non</strong></span> <span class='ocrx_word' id='word_1_124' title='bbox 528 1572 644 1625; x_wconf 90' lang='lat' dir='ltr'><strong>manes,</strong></span> <span class='ocrx_word' id='word_1_125' title='bbox 674 1573 734 1617; x_wconf 89' lang='lat' dir='ltr'><strong>non</strong></span> <span class='ocrx_word' id='word_1_126' title='bbox 758 1557 882 1634; x_wconf 90' lang='lat' dir='ltr'><strong>stirpem</strong></span> <span class='ocrx_word' id='word_1_127' title='bbox 903 1557 966 1617; x_wconf 91' lang='lat' dir='ltr'><strong>eius</strong></span> <span class='ocrx_word' id='word_1_128' title='bbox 988 1557 1203 1635; x_wconf 91' lang='lat' dir='ltr'><strong>conquiescere</strong></span> 
     </span>
     <span class='ocr_line' id='line_1_17' title="bbox 238 1638 1202 1719; baseline 0.002 -19"><span class='ocrx_word' id='word_1_129' title='bbox 238 1641 308 1708; x_wconf 84' lang='lat' dir='ltr'><strong>riri,</strong></span> <span class='ocrx_word' id='word_1_130' title='bbox 334 1656 390 1698; x_wconf 91' lang='lat' dir='ltr'><strong>nec</strong></span> <span class='ocrx_word' id='word_1_131' title='bbox 412 1655 566 1717; x_wconf 92' lang='lat' dir='ltr'><strong>umquam,</strong></span> <span class='ocrx_word' id='word_1_132' title='bbox 590 1638 684 1699; x_wconf 91' lang='lat' dir='ltr'><strong>donec</strong></span> <span class='ocrx_word' id='word_1_133' title='bbox 704 1639 855 1717; x_wconf 85' lang='lat' dir='ltr'><strong>sanguinis</strong></span> <span class='ocrx_word' id='word_1_134' title='bbox 874 1640 1061 1719; x_wconf 88' lang='lat' dir='ltr'><strong>nominisque</strong></span> <span class='ocrx_word' id='word_1_135' title='bbox 1080 1640 1202 1702; x_wconf 88' lang='lat' dir='ltr'><strong>Barcini</strong></span> 
     </span>
     <span class='ocr_line' id='line_1_18' title="bbox 211 1721 1199 1801; baseline 0.002 -19"><span class='ocrx_word' id='word_1_136' title='bbox 211 1722 391 1801; x_wconf 78' lang='lat' dir='ltr'><strong>aquisquam</strong></span> <span class='ocrx_word' id='word_1_137' title='bbox 406 1721 552 1799; x_wconf 85' lang='lat' dir='ltr'><strong>supersit,</strong></span> <span class='ocrx_word' id='word_1_138' title='bbox 570 1722 705 1801; x_wconf 90' lang='lat' dir='ltr'><strong>quietura</strong></span> <span class='ocrx_word' id='word_1_139' title='bbox 718 1722 850 1783; x_wconf 85' lang='lat' dir='ltr'><strong>Romana</strong></span> <span class='ocrx_word' id='word_1_140' title='bbox 871 1721 1002 1784; x_wconf 88' lang='lat' dir='ltr'><strong>loedere.</strong></span> <span class='ocrx_word' id='word_1_141' title='bbox 1038 1723 1199 1791; x_wconf 84' lang='lat' dir='ltr'><strong>„iuvenem</strong></span> 
     </span>
     <span class='ocr_line' id='line_1_19' title="bbox 239 1803 1197 1884; baseline 0.001 -18"><span class='ocrx_word' id='word_1_142' title='bbox 239 1805 414 1882; x_wconf 83' lang='lat' dir='ltr'><strong>flagrantem</strong></span> <span class='ocrx_word' id='word_1_143' title='bbox 431 1803 568 1883; x_wconf 90' lang='lat' dir='ltr'><strong>cupidine</strong></span> <span class='ocrx_word' id='word_1_144' title='bbox 582 1805 668 1884; x_wconf 87' lang='lat' dir='ltr'><strong>regul</strong></span> <span class='ocrx_word' id='word_1_145' title='bbox 678 1805 813 1884; x_wconf 82' lang='lat' dir='ltr'><strong>vianrque</strong></span> <span class='ocrx_word' id='word_1_146' title='bbox 825 1822 914 1866; x_wconf 92' lang='lat' dir='ltr'><strong>unam</strong></span> <span class='ocrx_word' id='word_1_147' title='bbox 923 1805 960 1867; x_wconf 90' lang='lat' dir='ltr'><strong>ad</strong></span> <span class='ocrx_word' id='word_1_148' title='bbox 974 1805 1005 1866; x_wconf 95' lang='lat' dir='ltr'><strong>ld</strong></span> <span class='ocrx_word' id='word_1_149' title='bbox 1017 1813 1197 1878; x_wconf 88' lang='lat' dir='ltr'><strong>cernentem,</strong></span> 
     </span>
     <span class='ocr_line' id='line_1_20' title="bbox 239 1885 1197 1969; baseline 0.002 -20"><span class='ocrx_word' id='word_1_150' title='bbox 239 1889 265 1950; x_wconf 91' lang='lat' dir='ltr'><strong>si</strong></span> <span class='ocrx_word' id='word_1_151' title='bbox 280 1905 316 1948; x_wconf 87' lang='lat' dir='ltr'><strong>ex</strong></span> <span class='ocrx_word' id='word_1_152' title='bbox 330 1885 415 1947; x_wconf 91' lang='lat' dir='ltr'><strong>bellis</strong></span> <span class='ocrx_word' id='word_1_153' title='bbox 434 1885 511 1947; x_wconf 90' lang='lat' dir='ltr'><strong>bella</strong></span> <span class='ocrx_word' id='word_1_154' title='bbox 533 1887 660 1948; x_wconf 88' lang='lat' dir='ltr'><strong>serendo</strong></span> <span class='ocrx_word' id='word_1_155' title='bbox 676 1889 843 1950; x_wconf 89' lang='lat' dir='ltr'><strong>succinctus</strong></span> <span class='ocrx_word' id='word_1_156' title='bbox 864 1890 954 1950; x_wconf 82' lang='lat' dir='ltr'><strong>armb</strong></span> <span class='ocrx_word' id='word_1_157' title='bbox 975 1885 1197 1969; x_wconf 75' lang='lat' dir='ltr'><strong>legionibusque</strong></span> 
     </span>
     <span class='ocr_line' id='line_1_21' title="bbox 239 1969 1196 2050; baseline 0.003 -19"><span class='ocrx_word' id='word_1_158' title='bbox 239 1972 328 2041; x_wconf 84' lang='lat' dir='ltr'><strong>vivat,</strong></span> <span class='ocrx_word' id='word_1_159' title='bbox 345 1969 422 2031; x_wconf 82' lang='lat' dir='ltr'><strong>velut</strong></span> <span class='ocrx_word' id='word_1_160' title='bbox 438 1971 591 2033; x_wconf 90' lang='lat' dir='ltr'><strong>materiam</strong></span> <span class='ocrx_word' id='word_1_161' title='bbox 605 1971 668 2050; x_wconf 90' lang='lat' dir='ltr'><strong>lgni</strong></span> <span class='ocrx_word' id='word_1_162' title='bbox 688 1971 880 2050; x_wconf 88' lang='lat' dir='ltr'><strong>praebentes,</strong></span> <span class='ocrx_word' id='word_1_163' title='bbox 904 1972 940 2032; x_wconf 94' lang='lat' dir='ltr'><strong>ad</strong></span> <span class='ocrx_word' id='word_1_164' title='bbox 957 1973 1104 2034; x_wconf 84' lang='lat' dir='ltr'><strong>exercitus</strong></span> <span class='ocrx_word' id='word_1_165' title='bbox 1116 1974 1196 2034; x_wconf 88' lang='lat' dir='ltr'><strong>misi·</strong></span> 
     </span>
    </p>
   </div>
   <div class='ocr_carea' id='block_1_3' title="bbox 212 2054 1196 2200">
    <p class='ocr_par' dir='ltr' id='par_1_3' title="bbox 212 2054 1196 2200">
     <span class='ocr_line' id='line_1_22' title="bbox 212 2054 1196 2200; baseline 0 -82"><span class='ocrx_word' id='word_1_166' title='bbox 212 2056 302 2118; x_wconf 76' lang='lat' dir='ltr'><strong>tetis.</strong></span> <span class='ocrx_word' id='word_1_167' title='bbox 332 2054 443 2115; x_wconf 87' lang='lat' dir='ltr'><strong>aluistis</strong></span> <span class='ocrx_word' id='word_1_168' title='bbox 460 2072 530 2133; x_wconf 87' lang='lat' dir='ltr'><strong>ergo</strong></span> <span class='ocrx_word' id='word_1_169' title='bbox 545 2055 604 2116; x_wconf 93' lang='lat' dir='ltr'><strong>boc</strong></span> <span class='ocrx_word' id='word_1_170' title='bbox 618 2054 803 2125; x_wconf 88' lang='lat' dir='ltr'><strong>incendium,</strong></span> <span class='ocrx_word' id='word_1_171' title='bbox 820 2073 878 2135; x_wconf 91' lang='lat' dir='ltr'><strong>quo</strong></span> <span class='ocrx_word' id='word_1_172' title='bbox 895 2072 975 2116; x_wconf 89' lang='lat' dir='ltr'><strong>nunc</strong></span> <span class='ocrx_word' id='word_1_173' title='bbox 983 2054 1110 2200; x_wconf 40' lang='lat' dir='ltr'><strong>&amp;aaz</strong></span> <span class='ocrx_word' id='word_1_174' title='bbox 1144 2057 1196 2118; x_wconf 88' lang='lat' dir='ltr'><strong>Sa·</strong></span> 
     </span>
    </p>
   </div>
   <div class='ocr_carea' id='block_1_4' title="bbox 211 2138 1196 2634">
    <p class='ocr_par' dir='ltr' id='par_1_4' title="bbox 211 2138 1196 2634">
     <span class='ocr_line' id='line_1_23' title="bbox 240 2138 1196 2220; baseline -0.001 -19"><span class='ocrx_word' id='word_1_175' title='bbox 240 2146 366 2220; x_wconf 59' lang='lat' dir='ltr'><strong>guntum‘</strong></span> <span class='ocrx_word' id='word_1_176' title='bbox 377 2140 466 2200; x_wconf 85' lang='lat' dir='ltr'><strong>vestri</strong></span> <span class='ocrx_word' id='word_1_177' title='bbox 480 2138 698 2200; x_wconf 87' lang='lat' dir='ltr'><strong>circumsedent</strong></span> <span class='ocrx_word' id='word_1_178' title='bbox 708 2138 868 2208; x_wconf 84' lang='lat' dir='ltr'><strong>exercitus,</strong></span> <span class='ocrx_word' id='word_1_179' title='bbox 886 2138 965 2199; x_wconf 90' lang='lat' dir='ltr'><strong>unde</strong></span> <span class='ocrx_word' id='word_1_180' title='bbox 1107 2157 1122 2199; x_wconf 90' lang='lat' dir='ltr'><strong>r</strong></span> <span class='ocrx_word' id='word_1_181' title='bbox 1135 2139 1196 2201; x_wconf 90' lang='lat' dir='ltr'><strong>loe·</strong></span> 
     </span>
     <span class='ocr_line' id='line_1_24' title="bbox 240 2220 1196 2302; baseline 0.001 -18"><span class='ocrx_word' id='word_1_182' title='bbox 240 2224 324 2284; x_wconf 90' lang='lat' dir='ltr'><strong>dere:</strong></span> <span class='ocrx_word' id='word_1_183' title='bbox 338 2239 406 2283; x_wconf 86' lang='lat' dir='ltr'><strong>mox</strong></span> <span class='ocrx_word' id='word_1_184' title='bbox 417 2220 623 2301; x_wconf 82' lang='lat' dir='ltr'><strong>Carthaginem</strong></span> <span class='ocrx_word' id='word_1_185' title='bbox 638 2220 898 2283; x_wconf 87' lang='lat' dir='ltr'><strong>circumsedebunt</strong></span> <span class='ocrx_word' id='word_1_186' title='bbox 907 2221 1056 2283; x_wconf 89' lang='lat' dir='ltr'><strong>Romanae</strong></span> <span class='ocrx_word' id='word_1_187' title='bbox 1067 2221 1196 2302; x_wconf 78' lang='lat' dir='ltr'><strong>legiones</strong></span> 
     </span>
     <span class='ocr_line' id='line_1_25' title="bbox 239 2302 1194 2386; baseline 0 -18"><span class='ocrx_word' id='word_1_188' title='bbox 239 2302 363 2368; x_wconf 85' lang='lat' dir='ltr'><strong>ducibus</strong></span> <span class='ocrx_word' id='word_1_189' title='bbox 383 2304 478 2366; x_wconf 90' lang='lat' dir='ltr'><strong>isdem</strong></span> <span class='ocrx_word' id='word_1_190' title='bbox 498 2304 566 2377; x_wconf 78' lang='lat' dir='ltr'><strong>din,</strong></span> <span class='ocrx_word' id='word_1_191' title='bbox 586 2323 641 2386; x_wconf 91' lang='lat' dir='ltr'><strong>per</strong></span> <span class='ocrx_word' id='word_1_192' title='bbox 655 2322 729 2385; x_wconf 90' lang='lat' dir='ltr'><strong>quos</strong></span> <span class='ocrx_word' id='word_1_193' title='bbox 748 2306 849 2384; x_wconf 85' lang='lat' dir='ltr'><strong>priore</strong></span> <span class='ocrx_word' id='word_1_194' title='bbox 868 2303 946 2366; x_wconf 90' lang='lat' dir='ltr'><strong>bello</strong></span> <span class='ocrx_word' id='word_1_195' title='bbox 967 2312 1055 2385; x_wconf 88' lang='lat' dir='ltr'><strong>rupta</strong></span> <span class='ocrx_word' id='word_1_196' title='bbox 1078 2305 1194 2368; x_wconf 90' lang='lat' dir='ltr'><strong>loedera</strong></span> 
     </span>
     <span class='ocr_line' id='line_1_26' title="bbox 211 2388 1193 2470; baseline 0 -19"><span class='ocrx_word' id='word_1_197' title='bbox 211 2398 308 2451; x_wconf 78' lang='lat' dir='ltr'><strong>dsunt</strong></span> <span class='ocrx_word' id='word_1_198' title='bbox 318 2388 381 2452; x_wconf 90' lang='lat' dir='ltr'><strong>ulti.</strong></span> <span class='ocrx_word' id='word_1_199' title='bbox 413 2395 513 2450; x_wconf 85' lang='lat' dir='ltr'><strong>utrum</strong></span> <span class='ocrx_word' id='word_1_200' title='bbox 528 2388 644 2450; x_wconf 89' lang='lat' dir='ltr'><strong>bostem</strong></span> <span class='ocrx_word' id='word_1_201' title='bbox 656 2406 755 2451; x_wconf 86' lang='lat' dir='ltr'><strong>auvos</strong></span> <span class='ocrx_word' id='word_1_202' title='bbox 767 2406 804 2448; x_wconf 92' lang='lat' dir='ltr'><strong>an</strong></span> <span class='ocrx_word' id='word_1_203' title='bbox 818 2388 967 2450; x_wconf 81' lang='lat' dir='ltr'><strong>loctunam</strong></span> <span class='ocrx_word' id='word_1_204' title='bbox 978 2390 1129 2469; x_wconf 90' lang='lat' dir='ltr'><strong>utriusque</strong></span> <span class='ocrx_word' id='word_1_205' title='bbox 1142 2409 1193 2470; x_wconf 91' lang='lat' dir='ltr'><strong>po·</strong></span> 
     </span>
     <span class='ocr_line' id='line_1_27' title="bbox 239 2470 1192 2552; baseline 0 -19"><span class='ocrx_word' id='word_1_206' title='bbox 239 2470 301 2551; x_wconf 93' lang='lat' dir='ltr'><strong>puli</strong></span> <span class='ocrx_word' id='word_1_207' title='bbox 321 2472 482 2550; x_wconf 73' lang='lat' dir='ltr'><strong>ignoratis?</strong></span> <span class='ocrx_word' id='word_1_208' title='bbox 520 2471 632 2552; x_wconf 83' lang='lat' dir='ltr'><strong>legatos</strong></span> <span class='ocrx_word' id='word_1_209' title='bbox 652 2471 689 2534; x_wconf 92' lang='lat' dir='ltr'><strong>ab</strong></span> <span class='ocrx_word' id='word_1_210' title='bbox 712 2472 799 2532; x_wconf 78' lang='lat' dir='ltr'><strong>soclIs</strong></span> <span class='ocrx_word' id='word_1_211' title='bbox 823 2479 852 2533; x_wconf 93' lang='lat' dir='ltr'><strong>et</strong></span> <span class='ocrx_word' id='word_1_212' title='bbox 869 2490 924 2551; x_wconf 94' lang='lat' dir='ltr'><strong>pro</strong></span> <span class='ocrx_word' id='word_1_213' title='bbox 944 2473 1032 2534; x_wconf 88' lang='lat' dir='ltr'><strong>sociis</strong></span> <span class='ocrx_word' id='word_1_214' title='bbox 1049 2474 1192 2533; x_wconf 86' lang='lat' dir='ltr'><strong>venientes</strong></span> 
     </span>
     <span class='ocr_line' id='line_1_28' title="bbox 240 2554 1189 2634; baseline 0.003 -21"><span class='ocrx_word' id='word_1_215' title='bbox 240 2554 336 2615; x_wconf 89' lang='lat' dir='ltr'><strong>bouus</strong></span> <span class='ocrx_word' id='word_1_216' title='bbox 351 2555 512 2632; x_wconf 91' lang='lat' dir='ltr'><strong>imperator</strong></span> <span class='ocrx_word' id='word_1_217' title='bbox 525 2563 621 2616; x_wconf 83' lang='lat' dir='ltr'><strong>vester</strong></span> <span class='ocrx_word' id='word_1_218' title='bbox 634 2557 666 2615; x_wconf 93' lang='lat' dir='ltr'><strong>in</strong></span> <span class='ocrx_word' id='word_1_219' title='bbox 677 2561 773 2616; x_wconf 88' lang='lat' dir='ltr'><strong>castra</strong></span> <span class='ocrx_word' id='word_1_220' title='bbox 784 2572 844 2615; x_wconf 91' lang='lat' dir='ltr'><strong>non</strong></span> <span class='ocrx_word' id='word_1_221' title='bbox 856 2555 986 2626; x_wconf 89' lang='lat' dir='ltr'><strong>admisit,</strong></span> <span class='ocrx_word' id='word_1_222' title='bbox 1005 2556 1051 2617; x_wconf 92' lang='lat' dir='ltr'><strong>lus</strong></span> <span class='ocrx_word' id='word_1_223' title='bbox 1065 2557 1189 2634; x_wconf 89' lang='lat' dir='ltr'><strong>gentium</strong></span> 
     </span>
    </p>
   </div>
   <div class='ocr_carea' id='block_1_5' title="bbox 114 2635 1192 2719">
    <p class='ocr_par' dir='ltr' id='par_1_5' title="bbox 114 2635 1192 2719">
     <span class='ocr_line' id='line_1_29' title="bbox 114 2635 1192 2719; baseline 0.006 -26"><span class='ocrx_word' id='word_1_224' title='bbox 114 2656 117 2661; x_wconf 51' lang='lat'><em>⁴</em></span> <span class='ocrx_word' id='word_1_225' title='bbox 240 2635 540 2706; x_wconf 85' lang='lat' dir='ltr'><strong>sustullt;hltamen,</strong></span> <span class='ocrx_word' id='word_1_226' title='bbox 553 2637 632 2698; x_wconf 91' lang='lat' dir='ltr'><strong>unde</strong></span> <span class='ocrx_word' id='word_1_227' title='bbox 643 2655 682 2697; x_wconf 90' lang='lat' dir='ltr'><strong>ne</strong></span> <span class='ocrx_word' id='word_1_228' title='bbox 693 2638 822 2699; x_wconf 92' lang='lat' dir='ltr'><strong>bostium</strong></span> <span class='ocrx_word' id='word_1_229' title='bbox 830 2638 948 2719; x_wconf 90' lang='lat' dir='ltr'><strong>quidem</strong></span> <span class='ocrx_word' id='word_1_230' title='bbox 959 2637 1049 2718; x_wconf 85' lang='lat' dir='ltr'><strong>legati</strong></span> <span class='ocrx_word' id='word_1_231' title='bbox 1060 2646 1192 2700; x_wconf 89' lang='lat' dir='ltr'><strong>arcentur</strong></span> 
     </span>
    </p>
   </div>
   <div class='ocr_carea' id='block_1_6' title="bbox 208 2714 1191 3555">
    <p class='ocr_par' dir='ltr' id='par_1_6' title="bbox 208 2714 1191 3555">
     <span class='ocr_line' id='line_1_30' title="bbox 239 2714 1191 2803; baseline 0.007 -25"><span class='ocrx_word' id='word_1_232' title='bbox 239 2714 331 2796; x_wconf 88' lang='lat' dir='ltr'><strong>pulsi,</strong></span> <span class='ocrx_word' id='word_1_233' title='bbox 344 2716 381 2778; x_wconf 92' lang='lat' dir='ltr'><strong>ad</strong></span> <span class='ocrx_word' id='word_1_234' title='bbox 393 2734 448 2778; x_wconf 89' lang='lat' dir='ltr'><strong>nos</strong></span> <span class='ocrx_word' id='word_1_235' title='bbox 458 2724 616 2788; x_wconf 83' lang='lat' dir='ltr'><strong>venerunt;</strong></span> <span class='ocrx_word' id='word_1_236' title='bbox 629 2737 678 2781; x_wconf 90' lang='lat' dir='ltr'><strong>res</strong></span> <span class='ocrx_word' id='word_1_237' title='bbox 691 2738 727 2781; x_wconf 84' lang='lat' dir='ltr'><strong>ex</strong></span> <span class='ocrx_word' id='word_1_238' title='bbox 738 2720 859 2783; x_wconf 87' lang='lat' dir='ltr'><strong>loedere</strong></span> <span class='ocrx_word' id='word_1_239' title='bbox 869 2730 1055 2802; x_wconf 89' lang='lat' dir='ltr'><strong>repetuntur.</strong></span> <span class='ocrx_word' id='word_1_240' title='bbox 1081 2721 1191 2803; x_wconf 91' lang='lat' dir='ltr'><strong>publlca</strong></span> 
     </span>
     <span class='ocr_line' id='line_1_31' title="bbox 240 2798 1189 2886; baseline 0.006 -25"><span class='ocrx_word' id='word_1_241' title='bbox 240 2799 322 2862; x_wconf 85' lang='lat' dir='ltr'><strong>lraus</strong></span> <span class='ocrx_word' id='word_1_242' title='bbox 334 2798 422 2863; x_wconf 88' lang='lat' dir='ltr'><strong>absit!</strong></span> <span class='ocrx_word' id='word_1_243' title='bbox 456 2808 604 2865; x_wconf 88' lang='lat' dir='ltr'><strong>auctorem</strong></span> <span class='ocrx_word' id='word_1_244' title='bbox 620 2802 723 2882; x_wconf 90' lang='lat' dir='ltr'><strong>culpae</strong></span> <span class='ocrx_word' id='word_1_245' title='bbox 738 2811 768 2865; x_wconf 92' lang='lat' dir='ltr'><strong>et</strong></span> <span class='ocrx_word' id='word_1_246' title='bbox 781 2822 865 2866; x_wconf 93' lang='lat' dir='ltr'><strong>reum</strong></span> <span class='ocrx_word' id='word_1_247' title='bbox 883 2806 1015 2866; x_wconf 90' lang='lat' dir='ltr'><strong>criminis</strong></span> <span class='ocrx_word' id='word_1_248' title='bbox 1025 2805 1189 2886; x_wconf 89' lang='lat' dir='ltr'><strong>deposcunt.</strong></span> 
     </span>
     <span class='ocr_line' id='line_1_32' title="bbox 210 2884 1189 2970; baseline 0.004 -24"><span class='ocrx_word' id='word_1_249' title='bbox 210 2896 297 2965; x_wconf 74' lang='lat' dir='ltr'><strong>aquo</strong></span> <span class='ocrx_word' id='word_1_250' title='bbox 313 2884 408 2947; x_wconf 87' lang='lat' dir='ltr'><strong>lenius</strong></span> <span class='ocrx_word' id='word_1_251' title='bbox 430 2893 536 2966; x_wconf 87' lang='lat' dir='ltr'><strong>agunt,</strong></span> <span class='ocrx_word' id='word_1_252' title='bbox 559 2890 679 2967; x_wconf 86' lang='lat' dir='ltr'><strong>segnius</strong></span> <span class='ocrx_word' id='word_1_253' title='bbox 695 2888 853 2967; x_wconf 87' lang='lat' dir='ltr'><strong>incipiunt,</strong></span> <span class='ocrx_word' id='word_1_254' title='bbox 876 2907 926 2960; x_wconf 91' lang='lat' dir='ltr'><strong>eo,</strong></span> <span class='ocrx_word' id='word_1_255' title='bbox 950 2907 1016 2950; x_wconf 90' lang='lat' dir='ltr'><strong>cum</strong></span> <span class='ocrx_word' id='word_1_256' title='bbox 1036 2891 1189 2970; x_wconf 91' lang='lat' dir='ltr'><strong>coeperint,</strong></span> 
     </span>
     <span class='ocr_line' id='line_1_33' title="bbox 240 2957 1189 3069; baseline 0.003 -39"><span class='ocrx_word' id='word_1_257' title='bbox 240 2985 344 3031; x_wconf 84' lang='lat' dir='ltr'><strong>vereor</strong></span> <span class='ocrx_word' id='word_1_258' title='bbox 364 2987 402 3032; x_wconf 92' lang='lat' dir='ltr'><strong>ne</strong></span> <span class='ocrx_word' id='word_1_259' title='bbox 426 2973 663 3051; x_wconf 83' lang='lat' dir='ltr'><strong>perseuerantius</strong></span> <span class='ocrx_word' id='word_1_260' title='bbox 686 2972 824 3033; x_wconf 86' lang='lat' dir='ltr'><strong>saeviant.</strong></span> <span class='ocrx_word' id='word_1_261' title='bbox 837 2957 847 3069; x_wconf 58' lang='grc' dir='ltr'>ξ</span> <span class='ocrx_word' id='word_1_262' title='bbox 860 2973 977 3051; x_wconf 76' lang='lat' dir='ltr'><strong>negatis</strong></span> <span class='ocrx_word' id='word_1_263' title='bbox 996 2972 1106 3034; x_wconf 88' lang='lat' dir='ltr'><strong>insulas</strong></span> <span class='ocrx_word' id='word_1_264' title='bbox 1123 2973 1189 3051; x_wconf 78' lang='lat' dir='ltr'><strong>Erg-</strong></span> 
     </span>
     <span class='ocr_line' id='line_1_34' title="bbox 240 3055 1189 3135; baseline 0.002 -21"><span class='ocrx_word' id='word_1_265' title='bbox 240 3070 362 3134; x_wconf 90' lang='lat' dir='ltr'><strong>cemque</strong></span> <span class='ocrx_word' id='word_1_266' title='bbox 381 3062 448 3116; x_wconf 90' lang='lat' dir='ltr'><strong>ante</strong></span> <span class='ocrx_word' id='word_1_267' title='bbox 469 3055 569 3117; x_wconf 88' lang='lat' dir='ltr'><strong>oculos</strong></span> <span class='ocrx_word' id='word_1_268' title='bbox 588 3055 758 3134; x_wconf 88' lang='lat' dir='ltr'><strong>proponite,</strong></span> <span class='ocrx_word' id='word_1_269' title='bbox 786 3073 861 3134; x_wconf 85' lang='lat' dir='ltr'><strong>quae</strong></span> <span class='ocrx_word' id='word_1_270' title='bbox 884 3064 965 3119; x_wconf 91' lang='lat' dir='ltr'><strong>terra</strong></span> <span class='ocrx_word' id='word_1_271' title='bbox 984 3058 1114 3135; x_wconf 88' lang='lat' dir='ltr'><strong>marique</strong></span> <span class='ocrx_word' id='word_1_272' title='bbox 1137 3074 1189 3135; x_wconf 92' lang='lat' dir='ltr'><strong>per</strong></span> 
     </span>
     <span class='ocr_line' id='line_1_35' title="bbox 212 3138 1186 3220; baseline 0.006 -26"><span class='ocrx_word' id='word_1_273' title='bbox 212 3143 378 3216; x_wconf 84' lang='lat' dir='ltr'><strong>aquattuor</strong></span> <span class='ocrx_word' id='word_1_274' title='bbox 389 3143 418 3199; x_wconf 87' lang='lat' dir='ltr'><strong>et</strong></span> <span class='ocrx_word' id='word_1_275' title='bbox 429 3138 531 3218; x_wconf 78' lang='lat' dir='ltr'><strong>viginti</strong></span> <span class='ocrx_word' id='word_1_276' title='bbox 542 3155 634 3200; x_wconf 91' lang='lat' dir='ltr'><strong>annos</strong></span> <span class='ocrx_word' id='word_1_277' title='bbox 645 3139 723 3218; x_wconf 87' lang='lat' dir='ltr'><strong>passi</strong></span> <span class='ocrx_word' id='word_1_278' title='bbox 737 3139 809 3200; x_wconf 86' lang='lat' dir='ltr'><strong>sitis.</strong></span> <span class='ocrx_word' id='word_1_279' title='bbox 840 3139 1186 3220; x_wconf 82' lang='lat' dir='ltr'><strong>necpuerhlcdurerat,</strong></span> 
     </span>
     <span class='ocr_line' id='line_1_36' title="bbox 239 3219 1187 3301; baseline 0.002 -21"><span class='ocrx_word' id='word_1_280' title='bbox 239 3219 292 3280; x_wconf 90' lang='lat' dir='ltr'><strong>sed</strong></span> <span class='ocrx_word' id='word_1_281' title='bbox 308 3228 394 3299; x_wconf 91' lang='lat' dir='ltr'><strong>pater</strong></span> <span class='ocrx_word' id='word_1_282' title='bbox 408 3221 471 3301; x_wconf 88' lang='lat' dir='ltr'><strong>ipse</strong></span> <span class='ocrx_word' id='word_1_283' title='bbox 489 3220 651 3293; x_wconf 86' lang='lat' dir='ltr'><strong>Hamilcar,</strong></span> <span class='ocrx_word' id='word_1_284' title='bbox 673 3221 751 3283; x_wconf 87' lang='lat' dir='ltr'><strong>biars</strong></span> <span class='ocrx_word' id='word_1_285' title='bbox 768 3220 859 3292; x_wconf 90' lang='lat' dir='ltr'><strong>alter,</strong></span> <span class='ocrx_word' id='word_1_286' title='bbox 881 3231 915 3284; x_wconf 92' lang='lat' dir='ltr'><strong>ut</strong></span> <span class='ocrx_word' id='word_1_287' title='bbox 935 3224 984 3285; x_wconf 83' lang='lat' dir='ltr'><strong>leti</strong></span> <span class='ocrx_word' id='word_1_288' title='bbox 999 3223 1108 3288; x_wconf 82' lang='lat' dir='ltr'><strong>volunt.</strong></span> <span class='ocrx_word' id='word_1_289' title='bbox 1140 3222 1187 3284; x_wconf 93' lang='lat' dir='ltr'><strong>sed</strong></span> 
     </span>
     <span class='ocr_line' id='line_1_37' title="bbox 238 3302 1186 3377; baseline 0.004 -14"><span class='ocrx_word' id='word_1_290' title='bbox 238 3303 384 3375; x_wconf 79' lang='lat' dir='ltr'><strong>Tarento,</strong></span> <span class='ocrx_word' id='word_1_291' title='bbox 400 3303 430 3364; x_wconf 92' lang='lat' dir='ltr'><strong>ld</strong></span> <span class='ocrx_word' id='word_1_292' title='bbox 446 3311 490 3367; x_wconf 91' lang='lat' dir='ltr'><strong>est</strong></span> <span class='ocrx_word' id='word_1_293' title='bbox 503 3305 600 3376; x_wconf 89' lang='lat' dir='ltr'><strong>ltalia,</strong></span> <span class='ocrx_word' id='word_1_294' title='bbox 617 3322 679 3365; x_wconf 91' lang='lat' dir='ltr'><strong>non</strong></span> <span class='ocrx_word' id='word_1_295' title='bbox 693 3302 927 3368; x_wconf 89' lang='lat' dir='ltr'><strong>abstinueramus</strong></span> <span class='ocrx_word' id='word_1_296' title='bbox 938 3325 975 3369; x_wconf 84' lang='lat' dir='ltr'><strong>ex</strong></span> <span class='ocrx_word' id='word_1_297' title='bbox 991 3306 1123 3377; x_wconf 89' lang='lat' dir='ltr'><strong>loedere,</strong></span> <span class='ocrx_word' id='word_1_298' title='bbox 1136 3310 1186 3369; x_wconf 80' lang='lat' dir='ltr'><strong>slo-</strong></span> 
     </span>
     <span class='ocr_line' id='line_1_38' title="bbox 208 3386 1187 3470; baseline 0.007 -28"><span class='ocrx_word' id='word_1_299' title='bbox 208 3390 225 3442; x_wconf 80' lang='lat' dir='ltr'><strong>t</strong></span> <span class='ocrx_word' id='word_1_300' title='bbox 239 3391 271 3444; x_wconf 89' lang='lat' dir='ltr'><strong>ut</strong></span> <span class='ocrx_word' id='word_1_301' title='bbox 285 3402 365 3447; x_wconf 90' lang='lat' dir='ltr'><strong>nunc</strong></span> <span class='ocrx_word' id='word_1_302' title='bbox 379 3386 583 3466; x_wconf 86' lang='lat' dir='ltr'><strong>Saguntonon</strong></span> <span class='ocrx_word' id='word_1_303' title='bbox 596 3388 786 3451; x_wconf 84' lang='lat' dir='ltr'><strong>abstinemus.</strong></span> <span class='ocrx_word' id='word_1_304' title='bbox 816 3390 949 3452; x_wconf 87' lang='lat' dir='ltr'><strong>vicerunt</strong></span> <span class='ocrx_word' id='word_1_305' title='bbox 963 3407 1035 3470; x_wconf 86' lang='lat' dir='ltr'><strong>ergo</strong></span> <span class='ocrx_word' id='word_1_306' title='bbox 1047 3390 1089 3451; x_wconf 90' lang='lat' dir='ltr'><strong>dli</strong></span> <span class='ocrx_word' id='word_1_307' title='bbox 1103 3390 1187 3451; x_wconf 88' lang='lat' dir='ltr'><strong>homi·</strong></span> 
     </span>
     <span class='ocr_line' id='line_1_39' title="bbox 240 3470 1186 3555; baseline 0.012 -31"><span class='ocrx_word' id='word_1_308' title='bbox 240 3482 365 3548; x_wconf 85' lang='lat' dir='ltr'><strong>nosque,</strong></span> <span class='ocrx_word' id='word_1_309' title='bbox 392 3476 422 3529; x_wconf 95' lang='lat' dir='ltr'><strong>et</strong></span> <span class='ocrx_word' id='word_1_310' title='bbox 435 3470 481 3541; x_wconf 92' lang='lat' dir='ltr'><strong>id,</strong></span> <span class='ocrx_word' id='word_1_311' title='bbox 502 3472 539 3533; x_wconf 89' lang='lat' dir='ltr'><strong>de</strong></span> <span class='ocrx_word' id='word_1_312' title='bbox 555 3488 612 3552; x_wconf 92' lang='lat' dir='ltr'><strong>quo</strong></span> <span class='ocrx_word' id='word_1_313' title='bbox 628 3470 727 3532; x_wconf 79' lang='lat' dir='ltr'><strong>verbis</strong></span> <span class='ocrx_word' id='word_1_314' title='bbox 742 3470 958 3552; x_wconf 90' lang='lat' dir='ltr'><strong>ambigebatur,</strong></span> <span class='ocrx_word' id='word_1_315' title='bbox 983 3482 1051 3535; x_wconf 90' lang='lat' dir='ltr'><strong>uter</strong></span> <span class='ocrx_word' id='word_1_316' title='bbox 1072 3471 1186 3555; x_wconf 87' lang='lat' dir='ltr'><strong>populus</strong></span> 
     </span>
    </p>
   </div>
   <div class='ocr_carea' id='block_1_7' title="bbox 0 0 1292 4067">
    <p class='ocr_par' dir='ltr' id='par_1_7' title="bbox 0 0 1292 4067">
     <span class='ocr_line' id='line_1_40' title="bbox 0 0 1292 4067; baseline 0 7"><span class='ocrx_word' id='word_1_317' title='bbox 0 0 1292 4067; x_wconf 95' lang='lat' dir='ltr'><strong> </strong></span> 
     </span>
    </p>
   </div>
  </div>
 </body>
</html>
