2575 4067
345 230 479 275 11111111.
491 230 559 276 cnr.
571 219 614 276 20.
629 220 671 276 21.
684 213 724 296 [a.
736 215 771 279 0.
785 213 847 298 29⁰]
1010 220 1071 284 iti

96 398 136 443 ex
168 377 293 461 quibus
319 379 494 459 inquirendo
519 381 669 459 cognoscit
700 380 737 442 ad
761 379 934 443 Vulturnum
963 382 1101 445 ilument

95 464 217 526 sedere
235 463 371 534 hostem,
390 462 460 525 inde
473 464 561 524 tertia
575 462 670 541 vigilia
684 472 847 533 moturum
870 466 928 526 lter
943 466 975 527 in
989 466 1071 528 Sam·

96 550 189 611 nium
207 563 293 608 esse.
320 545 367 608 hia
388 547 458 609 satis
481 545 637 624 exploratis
652 547 802 627 proiectus
824 554 904 609 nuto
922 548 1099 613 Intervallot

96 631 135 693 ab
153 628 307 693 hostibus
321 629 466 701 consedit,
486 638 519 691 ut
532 647 589 692 nee
609 629 749 692 adrentus
768 647 838 692 auus
856 632 1072 712 propinquitate

95 716 200 777 nimia
218 714 309 776 mosei
321 721 435 792 posset,
453 721 483 775 et
493 713 692 792 egredientem
703 733 720 776 e
731 715 833 777 castris
847 714 963 777 bostem
973 717 1072 795 oppri-

97 807 220 861 meret.
257 796 405 878 aliquanto
419 805 487 860 ante
501 796 597 860 lucem
612 796 650 859 ad
664 806 759 860 castra
772 798 895 860 amasne
907 805 1100 879 gnarosquet

98 881 207 944 Oscae
223 881 346 960 llngrrae
360 900 396 943 ex
416 880 556 953 lotatum,
568 880 638 963 quid
654 889 770 961 agatur,
787 882 884 945 mittit
912 883 1072 945 intermixti

98 965 268 1036 hostibus,
290 964 368 1045 qnod
391 900 476 1027 gotie
491 966 597 1027 eratin
614 974 757 1028 nocturna
772 965 979 1046 trepidatione,
1003 983 1071 1044 cog·

100 1057 250 1111 noscunt
284 1048 481 1129 infrequentia
513 1050 632 1112 armatis
661 1050 745 1128 signa
766 1066 901 1130 egressa,
931 1048 1071 1129 praedam

99 1132 305 1217 praedaeque
320 1131 455 1194 custodes
469 1133 564 1204 orire,
580 1131 722 1194 inmobile
737 1150 842 1211 agmen
857 1142 887 1194 et
902 1149 955 1195 sun
969 1150 1071 1213 quem

103 1235 166 1297 que
191 1214 370 1278 molientem
392 1214 472 1278 nullo
492 1217 570 1278 inter
587 1215 660 1278 allos
674 1233 819 1278 consensu
835 1233 891 1277 nec
904 1217 973 1278 satir
990 1224 1071 1277 certo
1119 1231 1123 1244 ’

101 1301 256 1380 imperio.
301 1306 417 1380 tempus
437 1298 628 1379 adgrediendi
646 1300 827 1379 aptissimum
846 1301 938 1362 rhum
960 1307 1019 1369 est:
1041 1307 1098 1361 att

104 1384 169 1445 iam
194 1383 252 1445 lux
269 1382 438 1462 adpetebat:
459 1385 558 1463 itaque
576 1385 660 1463 signa
679 1401 786 1445 canere
805 1384 891 1446 lussit
909 1400 1072 1463 agmenque

104 1467 249 1529 hostium
260 1465 438 1545 adgreditur.
468 1466 613 1530 Samnites
627 1466 735 1547 praeda
749 1468 884 1548 inpediti,
899 1469 1068 1547 infrequen·
1082 1475 1114 1527 10

108 1558 156 1612 tes
167 1551 295 1620 armati,
310 1566 380 1629 pars
391 1549 499 1612 addere
513 1551 635 1629 gradum
647 1569 681 1613 ac
693 1569 765 1631 prae
776 1569 808 1613 se
818 1569 906 1632 agere
921 1550 1070 1631 praedam,

108 1652 183 1714 pars
206 1641 288 1697 stare
309 1635 428 1704 incerti,
455 1642 554 1696 utrum
571 1634 713 1714 progredi
731 1652 769 1696 an
791 1635 909 1716 regredi
926 1637 957 1697 ln
978 1645 1072 1698 casua

108 1721 209 1781 tutius
224 1716 318 1780 toret:
332 1719 410 1779 inter
426 1721 639 1781 cunctationem
656 1721 870 1800 opprimuntur.
905 1730 934 1781 et
948 1719 1072 1782 Romani

111 1801 173 1864 iam
190 1800 438 1865 transcenderant
450 1800 571 1873 uadum,
587 1803 750 1883 caedesque
764 1821 799 1865 ac
813 1802 955 1866 tumultus
966 1811 1030 1866 erat
1040 1804 1072 1863 in

112 1890 233 1949 castris.
275 1885 448 1948 Samnitium
471 1902 576 1964 agmen
600 1893 806 1967 praeterquam
826 1887 925 1948 hostili
945 1887 1069 1948 tumultu
1082 1894 1113 1948 11

114 1973 303 2049 captivorum
317 1971 406 2030 etiam
419 1969 574 2048 repentina
588 1968 752 2031 deiectione
766 1967 916 2031 turbatum
927 1979 1004 2042 erat,
1020 1971 1115 2051 quita

113 2057 227 2132 partim
247 2054 305 2133 ipsi
323 2051 410 2113 soluti
425 2052 537 2113 vinctos
557 2050 721 2123 solvebant,
743 2052 849 2133 partim
865 2070 946 2113 arma
962 2055 994 2113 in
1010 2071 1072 2115 aar·

117 2139 193 2199 cinis
209 2136 335 2216 deligata
351 2133 505 2215 rapiebant
517 2134 733 2214 tumultumque
747 2132 859 2215 proelio
874 2136 938 2213 ipso
954 2135 1070 2196 terribl-

117 2219 225 2282 liorem
235 2216 711 2298 intermixtiagmirrlpraehebant.
734 2216 956 2279 memorandum
964 2217 1068 2278 deinde
1083 2224 1115 2280 18

120 2303 243 2365 edidere
255 2303 383 2366 lacinus:
405 2321 474 2363 nam
488 2302 599 2363 Staium
613 2301 770 2363 Minacium
789 2300 893 2362 ducem
916 2299 1071 2362 adeuntem

122 2387 241 2448 ordines
254 2389 479 2466 hortantemque
493 2385 647 2455 invadunt3
670 2385 815 2464 dissipatis
834 2384 904 2446 inde
917 2383 1071 2462 equitibus,

77 2478 80 2483 '
121 2472 254 2550 quicum
270 2490 305 2532 eo
322 2470 458 2540 aderant,
479 2471 576 2551 ipsum
588 2471 819 2541 circumsistunt,
838 2468 1073 2549 insidentemque

121 2572 198 2635 equo
212 2561 329 2635 captum
340 2553 377 2615 ad
388 2553 538 2616 consulein
551 2553 716 2616 Romanum
729 2555 856 2634 rapiunt.
885 2562 1020 2617 revocata
1037 2572 1071 2614 eo
1083 2562 1112 2613 tt

120 2637 247 2701 tumultu
256 2639 351 2717 prima
362 2640 446 2716 signa
454 2638 641 2709 Samnitium
653 2637 855 2719 proeliumque
864 2639 923 2701 iam
933 2639 1072 2720 profliga-

121 2728 184 2785 tum
198 2724 376 2802 integratum
387 2728 445 2791 est,
463 2739 518 2782 nec
529 2721 637 2784 diutius
647 2724 786 2785 sustineri
802 2724 905 2804 potuit.
935 2740 1019 2785 caesa
1034 2722 1069 2783 ad
1082 2729 1114 2780 to

122 2822 173 2868 sex
193 2805 273 2867 milia
292 2806 458 2876 hominum,
480 2804 538 2866 duo
558 2805 638 2868 milia
656 2812 685 2867 et
699 2808 850 2886 quingenti
871 2809 961 2886 capti,
982 2807 1014 2866 ln
1030 2806 1072 2865 eis

122 2890 234 2951 tribuni
242 2888 368 2951 militum
380 2896 531 2968 quattuor,
543 2891 627 2969 signa
637 2887 773 2949 militaria
784 2890 918 2968 triginta,
934 2894 977 2958 et,
993 2887 1071 2965 quod

121 2970 312 3036 laetissimum
337 2972 497 3034 victoribus
514 2973 584 3045 luit,
613 2972 794 3052 captivorum
818 2978 937 3050 recepta
960 2975 1072 3049 septem

121 3057 203 3119 milia
217 3066 247 3118 et
260 3056 480 3137 quadringenti,
503 3057 612 3136 praeda
625 3058 730 3134 ingens
748 3055 911 3123 sociorum
931 3054 1072 3133 accitique

123 3140 218 3202 edicto
230 3140 342 3201 domini
353 3140 389 3202 ad
398 3156 446 3200 res
459 3156 526 3201 suas
537 3139 700 3201 noscendas
709 3135 959 3218 recipiendasque.
985 3153 1070 3215 prae·
1084 3142 1115 3197 it

122 3225 222 3287 stituta
236 3223 283 3285 die
300 3241 424 3304 quarum
444 3240 544 3284 rerum
559 3240 620 3285 non
634 3223 728 3282 extitit
746 3220 881 3282 dominus
903 3219 988 3282 militi
1002 3237 1070 3280 con·

123 3326 237 3378 cessae;
254 3309 405 3389 coacdqne
418 3304 546 3367 vendere
564 3303 718 3386 praedam,
743 3321 781 3364 ne
795 3302 864 3364 alibi
877 3321 965 3383 quam
978 3305 1010 3363 in
1025 3320 1072 3365 ar·

123 3393 178 3454 mis
192 3395 322 3454 animum
336 3391 489 3454 haherent

184 3476 260 3538 xxi.
288 3477 426 3556 ldagnum
447 3493 481 3537 ea
500 3472 649 3556 populatio
670 3472 808 3556 Campani
830 3473 893 3554 agri
915 3471 1099 3535 tumultumt
