2575 4067
222 200 283 263 170
452 211 545 254 omar
559 213 589 254 x.
606 210 675 253 nur.
690 198 733 252 21.
750 187 789 273 [a.
804 212 835 256 u.
850 211 877 252 c.
895 190 955 273 458]

193 363 332 425 saonae
346 358 537 440 praebuerat;
562 365 591 419 ct
604 376 659 438 per
672 376 723 419 eos
742 357 821 419 lorte
834 356 897 420 dies
912 375 948 418 ex
962 357 1079 420 Etruria
1094 356 1173 418 adlo-

221 452 368 508 tumeret
395 450 462 522 post
488 442 645 506 deductum
674 441 744 504 iude
765 439 990 504 Volumniamun
1013 442 1174 503 exercitum

222 530 370 592 Etruriam
384 528 529 590 concitam
545 528 579 587 in
591 543 675 588 arma
686 532 716 588 ct
730 523 855 590 Gellium
873 524 1044 603 ligantium,
1059 524 1174 587 Samni·

222 615 296 676 tium
310 611 430 682 ducem,
452 617 482 672 et
493 609 620 672 Umbros
634 610 671 672 ad
687 609 881 672 deiectionem
894 609 1008 680 vocam,
1032 615 1063 670 et
1076 607 1175 671 Gallos

194 698 316 778 apretio
340 696 456 774 ingenti
474 693 633 756 sollicitari
668 694 715 756 his
734 693 844 756 nundis
861 698 979 754 senate
995 693 1175 755 conterritus

222 778 365 843 iustitium
378 778 483 849 indici,
506 775 643 839 dilectum
662 778 757 842 omnis
771 776 891 856 generis
904 776 1057 840 homiuum
1071 774 1175 838 baberi

194 866 315 927 aiussit.
345 880 401 924 nec
419 862 540 940 ingenui
554 860 641 922 modo
657 868 707 924 ant
727 862 857 924 iuniores
871 866 1053 924 sacramento
1068 858 1173 931 adecti,

224 948 276 1011 sed
290 948 439 1009 seniorum
454 946 541 1008 etiam
553 946 688 1007 cohortes
703 944 799 1008 laetae
810 943 999 1024 libertirdpue
1010 944 1175 1006 centuriati.

224 1040 254 1094 et
280 1029 480 1093 defendendae
505 1028 587 1090 mbis
614 1028 735 1092 consilia
759 1027 958 1107 agitabantur,
986 1045 1176 1107 summaeque

194 1126 324 1178 brorum
344 1121 464 1194 praetor
479 1113 514 1175 P.
533 1113 723 1193 Sempronius
745 1120 889 1192 praeerat.
939 1119 1070 1174 ceteram
1091 1118 1176 1193 pmtc

224 1217 314 1262 curae
328 1204 525 1260 exonerarunt
539 1204 673 1259 senatum
685 1197 718 1258 L.
735 1195 882 1258 Volumnii
902 1194 1029 1258 consulis
1051 1193 1175 1268 litterae,

224 1283 330 1363 quibus
341 1299 442 1346 caesos
463 1281 601 1361 iusosqrrc
620 1279 808 1362 populatores
829 1279 1004 1360 Campaniae
1026 1280 1175 1359 cognitum

196 1374 279 1429 dest.
307 1367 405 1446 itaque
417 1372 447 1427 et
461 1365 687 1445 supplicationes
698 1364 736 1426 ob
750 1382 817 1426 rem
829 1362 906 1425 benc
921 1371 1033 1443 mtam
1048 1361 1176 1426 conniis

90 1454 95 1464 '
225 1451 346 1512 nomine
368 1449 547 1517 decernunt,
575 1458 604 1509 et
624 1449 766 1511 iustitium
786 1448 959 1520 remittitur,
984 1446 1063 1528 qnod
1080 1447 1178 1509 lucrat

198 1535 289 1595 adies
303 1545 406 1602 xvm,
421 1531 652 1611 supplicatioque
665 1531 794 1612 perlaeta
808 1530 872 1593 luit
904 1539 968 1594 tum
977 1531 1015 1593 de
1028 1530 1177 1612 pracsidio

224 1616 353 1695 regionis
369 1613 561 1694 depopulatae
575 1614 611 1675 ab
627 1614 806 1680 Samnitibus
821 1616 924 1694 agitari
939 1622 1084 1695 coeptum.
1122 1616 1177 1676 ita·

225 1717 283 1780 quo
296 1697 420 1778 placidi,
436 1705 470 1760 ut
484 1697 558 1761 duae
572 1697 703 1761 coloniae
717 1701 796 1760 eirea
806 1698 961 1762 Veseimrm
976 1706 1005 1760 ct
1018 1696 1176 1761 Falernum

199 1790 330 1861 sapum
342 1780 569 1850 deducerentur,
582 1800 641 1843 una
651 1782 688 1843 ad
700 1784 806 1845 ostium
817 1783 896 1844 Liris
904 1782 999 1853 tlurii,
1011 1800 1086 1862 quac
1095 1782 1178 1844 bien·

225 1874 330 1927 tornae
353 1862 513 1945 appellata,
535 1864 626 1927 altera
645 1867 678 1927 in
700 1865 775 1929 saltu
788 1867 911 1928 Vescino
929 1864 1088 1928 Falernum
1108 1883 1178 1927 con·

225 1951 358 2028 tingente
377 1966 495 2027 agrum
520 1948 572 2011 ubi
592 1950 703 2030 Sinope
728 1949 835 2011 dicitur
854 1948 1049 2012 Graecaurbs
1076 1949 1178 2021 fuisse,

197 2034 363 2096 oSinuessa
382 2032 488 2094 deinde
507 2032 545 2094 ab
567 2032 679 2096 colonis
701 2034 840 2096 Romanu
861 2032 1013 2112 appellata.
1050 2032 1179 2096 tribunis

225 2116 320 2198 plebis
339 2118 489 2196 negotisun
512 2116 610 2179 datum
632 2125 690 2189 est,
713 2125 746 2179 ut
765 2115 953 2196 plebeiscito
973 2116 1127 2180 iuberetur
1146 2117 1176 2178 Ρ.

226 2202 417 2282 Sempronius
431 2208 550 2282 praetor
563 2201 730 2263 triumviros
742 2202 774 2261 in
787 2218 822 2262 ea
835 2199 900 2262 loca
912 2200 1024 2263 oolcrde
1032 2200 1180 2263 deducen-

185 2293 218 2345 ιο
229 2282 273 2347 dis
289 2303 401 2348 creare.
439 2301 494 2346 neo
511 2285 561 2364 qui
583 2286 702 2347 nomina
716 2284 821 2346 darent
841 2284 926 2347 laeile
946 2283 1179 2355 inveniebantur,

227 2371 295 2448 quia
313 2371 345 2430 in
365 2370 521 2430 stationem
534 2386 567 2431 se
586 2387 680 2449 prope
699 2375 873 2449 perpetuam
893 2368 1017 2431 iniectae
1037 2368 1178 2447 regionis,

226 2470 286 2513 non
300 2454 332 2513 in
345 2469 432 2530 agros
445 2454 521 2514 mitti
533 2450 686 2515 rebantur.

186 2541 214 2594 11
291 2535 402 2596 Avertit
424 2533 461 2595 ab
486 2536 528 2596 eis
554 2537 632 2597 euris
657 2543 790 2599 senatum
814 2535 949 2598 Etrmiac
975 2537 1178 2616 ingravescens

226 2614 336 2678 bellum
357 2623 386 2676 et
411 2616 534 2680 crebrae
556 2617 671 2680 litterae
689 2620 774 2699 Appii
797 2620 959 2690 monentis,
986 2637 1024 2682 nc
1050 2621 1180 2699 regionis

185 2707 218 2759 12
229 2700 292 2760 eius
305 2705 418 2760 motum
431 2699 635 2780 neglegerent:
658 2709 794 2783 wtuor
814 2712 917 2783 gentes
931 2704 1067 2766 conterre
1088 2722 1179 2775 mma,

227 2782 366 2845 Etruscos
385 2782 531 2846 Samnites
551 2784 680 2865 Umbros
699 2785 812 2856 Gallos;
837 2788 897 2850 iam
923 2795 1019 2849 costra
1044 2786 1179 2850 bilariam

228 2867 303 2930 iacta
325 2884 405 2940 esse,
425 2868 494 2948 pria
509 2886 585 2932 unus
609 2867 692 2934 loeus
709 2888 815 2949 rapere
834 2877 945 2933 tantam
963 2870 1179 2934 multitudinem

185 2959 217 3010 la
229 2971 289 3014 non
305 2953 406 3032 possit.
436 2950 474 3014 ob
488 2953 561 3016 haee
574 2961 604 3015 ct
613 2987 656 3001 -·-
666 2955 723 3018 iarn
738 2953 892 3034 adpetebat
906 2962 1022 3035 tempus
1032 2987 1075 3002 -·
1089 2956 1179 3018 comi·

227 3038 336 3098 tiorum
354 3054 441 3100 causa
459 3036 492 3099 L.
508 3036 677 3100 Volumnius
692 3038 794 3099 consul
808 3038 930 3101 Romam
944 3046 1112 3110 reuocatus,
1129 3038 1179 3118 pl

226 3122 396 3200 primquam
406 3120 443 3183 ad
454 3121 901 3200 suffragiumeenturiasvocaret
910 3125 943 3184 in
953 3123 1122 3186 conderem
1128 3121 1179 3186 ad·

227 3212 329 3266 vocato
341 3200 450 3285 populo
461 3202 552 3267 multa
562 3204 600 3266 de
610 3205 810 3286 magnitudine
820 3205 890 3268 belli
898 3207 1015 3269 Euusci
1026 3205 1180 3270 deseruit:

189 3294 219 3346 lt
229 3289 288 3350 lam
302 3295 378 3358 tum,
400 3306 468 3351 eum
485 3289 549 3369 ipsc
569 3287 610 3349 ibi
625 3306 693 3352 cuna
708 3288 819 3369 collega
836 3308 901 3352 rem
914 3291 1025 3370 pariter
1046 3291 1180 3371 gesserit,

227 3370 440 3432 inussetantum
457 3369 580 3444 bellum,
601 3379 634 3434 ut
653 3391 709 3435 nee
723 3373 797 3437 duce
814 3392 874 3437 uno
897 3392 953 3436 nce
964 3376 1094 3437 exercitu
1117 3375 1182 3454 geri

227 3454 371 3529 potuerit3
387 3457 544 3516 accesisse
559 3465 659 3537 postea
673 3457 731 3519 diei
746 3457 871 3521 Umbros
889 3465 918 3521 et
931 3460 1080 3546 ingentem
1095 3475 1182 3520 excr-
