2575 4067
269 201 330 263 318
469 213 562 253 arnan
575 212 651 254 xxu.
669 211 736 254 car.
751 198 795 252 di.
808 190 848 271 [a.
864 214 894 252 n.
910 214 937 253 c.
951 191 1012 264 tas]

241 362 423 422 saeuientis
434 361 484 439 qui
496 358 647 420 dedendos
657 358 842 428 censuerint;
855 368 987 422 ceterum
998 363 1233 438 proximum·

266 444 385 506 rombus
400 443 473 504 adeo
489 441 626 503 omnibus
641 443 718 503 notis
740 442 968 521 ignominiisque
983 443 1139 505 coniectos
1158 464 1233 517 osne

268 537 302 589 ut
315 526 433 608 quidam
447 544 551 588 eorum
565 534 692 587 mortem
706 523 762 586 sibi
782 526 839 604 ipsi
859 524 1005 605 extemplo
1021 528 1232 600 consciverint,

269 614 360 673 ceteri
377 629 438 672 non
459 610 525 672 loro
542 609 638 672 solum
660 609 741 670 omni
764 608 870 669 deinde
889 610 962 673 vita.
985 610 1036 670 sed
1051 628 1152 690 prope
1167 611 1233 675 luce

230 703 306 757 tuac
320 694 438 776 publico
454 694 612 756 caruerint
641 693 744 754 mirari
758 694 852 770 magis
875 691 949 753 adeo
964 693 1136 772 discrepare
1154 697 1233 757 inter

269 788 419 849 auctores,
435 796 537 857 quam,
555 776 625 855 quid
639 776 702 835 reri
718 776 770 845 sit,
789 775 959 836 discernere
974 795 1073 856 queas.

327 863 445 934 Ouamo
466 869 563 923 autem
584 860 679 920 maior
699 876 733 919 ea
750 857 848 919 clades
873 859 1075 937 superioribus
1095 860 1232 924 cladibus

268 948 371 1017 luerit,
392 944 438 1005 vel
462 962 496 1005 ea
517 961 566 1003 res
580 941 690 1003 indicio
704 951 762 1019 est,
783 942 864 1017 quod
878 944 956 1015 fides
968 947 1131 1015 sociorum,
1155 964 1231 1025 quae

270 1030 306 1091 ad
319 1048 383 1091 eam
397 1027 475 1089 diem
492 1028 578 1089 iirma
590 1033 725 1096 steterat,
743 1034 805 1087 tum
821 1024 922 1087 labare
936 1028 1045 1106 coepit,
1062 1027 1147 1090 nulla
1161 1048 1231 1108 pro·

270 1114 346 1175 lecto
366 1112 422 1173 alia
446 1111 483 1172 de
503 1128 551 1180 re,
578 1127 666 1190 quam
686 1109 766 1189 quod
787 1108 1014 1188 desperaverant
1034 1110 1071 1171 de
1091 1113 1229 1191 imperio.

231 1204 258 1256 tl
272 1197 408 1257 deiecere
430 1203 527 1256 antem
548 1194 585 1254 ad
600 1193 716 1255 Poenos
735 1192 768 1253 hi
788 1192 903 1272 populi:
925 1193 1063 1264 Atellani,
1093 1195 1228 1266 Calatini,

270 1281 399 1360 Hirpini,
413 1277 574 1359 Apulorum
585 1293 670 1357 pars,
685 1276 832 1338 Samnites
842 1285 961 1355 praem
971 1277 1104 1349 Pentros,
1119 1279 1228 1341 Bruttii

230 1371 261 1423 12
273 1382 384 1433 omnes,
400 1362 519 1434 Lucani,
534 1376 651 1441 praeter
668 1360 721 1421 hos
736 1360 870 1422 Uzentini
886 1369 916 1421 et
930 1362 1110 1424 Graecorum
1132 1366 1227 1424 omnis

270 1448 365 1509 ierme
377 1465 443 1517 ora,
461 1445 622 1514 Tarentini,
633 1444 839 1524 Metapontini,
855 1443 1062 1506 Crotonienses
1072 1445 1226 1527 Locrique,

232 1539 262 1591 te
273 1539 302 1592 et
316 1529 454 1610 Cisalpini
475 1546 578 1590 omnes
592 1526 678 1590 Galli
714 1545 770 1588 nec
791 1535 890 1588 tamen
906 1546 959 1588 eae
973 1527 1071 1588 clades
1087 1528 1226 1591 deiectio·

272 1613 541 1758 ttittiiit
555 1618 767 1773 'tilii
779 1611 1226 1759 titiutttiiittttti

271 1797 326 1840 nec
346 1786 500 1859 postquam
520 1780 545 1838 is
561 1777 649 1839 rediit
668 1779 875 1857 renovavitque
894 1780 1068 1840 memoriam
1089 1788 1225 1861 acceptae
1278 1839 1279 1858 q

232 1861 372 1924 ttcladis.
404 1880 462 1941 quo
482 1862 514 1922 in
535 1869 670 1942 ternpore
692 1863 757 1942 ipso
778 1861 851 1923 adeo
874 1879 982 1940 magno
1003 1865 1102 1924 auimo
1128 1866 1244 1926 civitas.
1278 1863 1279 1908 ἰ

271 1948 341 2019 luit,
356 1955 390 2007 ut
403 1944 516 2007 consuli
531 1965 568 2007 ex
593 1954 674 2007 tanta
698 1945 796 2016 clade,
819 1946 903 2007 cuius
920 1947 985 2024 ipse
999 1964 1088 2008 carun
1102 1949 1224 2010 maxima

272 2031 388 2101 inisset,
411 2030 547 2091 redeunti
569 2039 598 2091 et
618 2029 732 2091 obviam
752 2030 824 2089 itum
845 2029 1016 2108 frequenter
1038 2030 1075 2092 ab
1091 2031 1224 2093 omnibns

272 2114 425 2177 ordinibus
448 2115 486 2176 sit
506 2121 535 2175 ct
555 2115 666 2193 malian
685 2120 781 2183 actae,
809 2112 888 2192 quod
914 2112 951 2173 de
973 2132 1007 2175 re
1027 2113 1148 2194 publica
1169 2132 1224 2176 uon

234 2209 262 2260 to
274 2200 471 2280 desperasset;
487 2199 579 2277 quisi
595 2197 878 2275 Carthaginiensium
894 2197 999 2257 ductor
1011 2197 1130 2268 luisset,
1156 2194 1227 2260 nilril

271 2282 466 2345 recusandum
482 2281 617 2362 supplicii
632 2280 718 2341 ioret.

653 2513 848 2523 ..ψ-...-

531 2696 716 2759 remetiri
736 2699 838 2761 LIBRI
861 2698 962 2759 xxiii.

342 2863 465 2928 compens
488 2865 521 2914 ad
538 2864 703 2915 Hannibalem
721 2864 875 2918 deiecerunt.
898 2867 1004 2916 nuntius
1021 2866 1223 2918 daunenstade

273 2933 353 2981 toriae
365 2931 438 2996 Mago
452 2930 630 2996 Carthaginem
646 2934 741 2982 misem
759 2933 848 2983 ennlos
865 2947 956 2982 aureos
968 2934 1118 2998 corporibus
1130 2935 1224 2983 occiso·
1278 2959 1279 3004 q

272 3014 327 3048 rum
349 2998 476 3048 detractos
493 3000 519 3047 in
537 3000 660 3049 vestibulo
683 3000 765 3049 curiae
782 2999 883 3063 effudit,
905 3014 970 3063 qnos
988 3001 1132 3050 excessisse
1153 2999 1224 3049 modii

272 3080 417 3115 mensnram
429 3066 544 3119 traditur.
565 3076 706 3129 postquem
718 3067 833 3115 nuntium
845 3067 947 3126 Hanno,
961 3067 999 3114 vir
1009 3081 1041 3116 ex
1050 3066 1143 3116 Poenis
1156 3067 1220 3116 nobi·

273 3131 353 3196 libus,
372 3131 495 3181 suadebat
511 3134 611 3183 senatui
624 3132 881 3196 carthaginiensium,
899 3141 927 3182 nt
944 3147 1032 3197 pncem
1045 3149 1060 3183 a
1072 3133 1169 3198 populo
1181 3134 1225 3182 iio

273 3213 347 3248 mano
361 3207 487 3263 peterent;
500 3214 547 3248 nec
557 3200 638 3249 tenuit
655 3201 815 3265 obstrepente
831 3200 937 3250 Barcina
954 3200 1072 3251 lectione.
1105 3200 1229 3251 Claudius
1278 3229 1279 3248 1

273 3265 404 3315 Marcellos
424 3277 524 3331 praetor
547 3267 580 3316 nd
598 3266 686 3316 Nolam
704 3268 838 3331 eruptione
858 3268 981 3317 adversus
1005 3267 1174 3316 Hannibalem
1196 3281 1225 3316 es

273 3333 367 3396 oppido
386 3332 451 3381 iacta
469 3347 588 3398 prospere
606 3333 737 3398 pugnavit.
763 3333 900 3383 Casilinum
912 3349 928 3383 n
939 3334 1032 3383 Poenis
1049 3334 1225 3382 obsessnmits

273 3396 338 3444 ieme
351 3408 471 3448 vexatum
482 3409 528 3459 est,
541 3410 569 3449 ut
581 3400 634 3449 lora
646 3410 670 3448 et
682 3400 762 3465 pelles
773 3403 853 3450 sontis
866 3401 990 3450 detractes
1001 3409 1026 3450 et
1037 3415 1123 3449 mures
1136 3397 1224 3450 tnelusi

274 3472 367 3515 essent.
392 3467 496 3514 nucibus
508 3482 553 3530 per
564 3467 716 3518 Vulturnum
729 3481 829 3516 emnem
842 3483 857 3516 a
869 3468 990 3517 Romanis
1001 3468 1089 3516 missis
1103 3469 1223 3517 vixeram
