2575 4067
301 196 393 256 cinna
408 214 498 254 xxxxi.
517 214 585 256 oar.
601 203 641 253 22.
659 193 698 274 [a.
714 196 749 257 O.
767 196 828 277 216]
982 200 1041 264 341

85 365 248 431 minuerat,
270 360 412 439 quantum
434 359 563 421 consiliis
590 360 725 420 humanis
752 360 871 440 adsequi
896 369 1040 439 poterant,

85 452 184 524 patres
198 442 378 522 explessent,
394 443 512 504 tandem
524 460 556 503 se
571 460 688 523 quoque
702 451 732 503 et
742 440 929 505 solitudinem
943 445 1069 505 curiaea

28 555 31 560 ·
85 528 319 606 paucitatemque
336 527 572 602 convenientium
590 525 627 586 ad
648 523 798 605 publicum
824 523 977 586 consilium
993 544 1040 586 re·

85 618 259 689 spexerunt:
278 610 464 689 nequeenim
480 617 547 687 post
557 609 590 670 L.
602 608 760 670 Aemilium
775 615 804 669 et
818 608 849 670 C.
866 607 1067 669 Flaminiana

84 710 223 754 censores
231 700 350 753 senatus
363 690 456 752 lectus
466 692 576 762 luerat,
596 710 664 753 cum
680 700 793 753 tantum
808 699 977 753 senatorum
992 690 1041 751 ad·

85 795 186 838 versae
199 792 331 854 pugnae,
349 774 386 836 ad
400 775 457 836 boc
470 777 515 836 sui
532 793 678 855 quemque
701 792 785 836 casus
808 793 863 854 per
877 777 1042 854 quinquen·

84 861 167 920 nium
183 859 422 938 absumpsissent.
462 877 529 920 cum
551 856 587 919 de
608 877 642 919 ea
659 877 692 919 re
706 859 744 919 bl.
760 858 900 920 Aemilius
922 866 1068 937 praetore

84 942 228 1004 dictatore
242 949 310 1021 post
331 940 488 1004 Casilinum
509 943 648 1003 amissum
666 941 800 1022 prolecto
820 943 878 1003 iam
901 941 938 1001 ad
959 958 1042 1000 exer·

84 1027 176 1087 citum
191 1023 415 1105 exposcentibus
431 1027 544 1087 cunctis
558 1024 727 1098 rettulisset,
747 1033 807 1088 tum
827 1027 876 1105 Sp.
892 1022 1041 1093 Carvilius,

31 1157 33 1160 .
71 1112 153 1169 'cum
171 1107 258 1185 longa
282 1109 414 1169 oratione
438 1125 498 1169 non
519 1109 613 1170 solum
633 1111 763 1188 inopiam
783 1113 967 1186 senatorum,
989 1105 1041 1166 sod

85 1193 263 1271 paucitatem
280 1192 368 1251 etiam
384 1192 504 1262 civium,
526 1211 562 1253 ex
580 1192 687 1272 quibus
703 1193 734 1252 ln
748 1200 847 1270 patres
862 1191 1041 1270 legerentur,

86 1282 263 1354 conquestus
279 1281 370 1344 essct,
393 1273 530 1355 explendi
548 1284 667 1344 senatus
683 1293 769 1336 causa
786 1285 816 1336 et
835 1273 977 1353 iungendi
994 1281 1070 1332 ans

86 1360 143 1419 tius
164 1357 261 1418 Latini
283 1359 410 1418 nominis
431 1375 497 1421 cum
524 1358 634 1439 populo
656 1359 789 1421 Romano
811 1375 989 1437 magnopere
1011 1374 1042 1416 se

85 1441 209 1504 suadere
225 1440 305 1508 dixit
320 1451 353 1502 ut
367 1459 403 1501 ex
415 1441 539 1519 singulis
551 1441 670 1522 populis
681 1441 853 1503 Latinorum
864 1437 941 1502 blnis
957 1457 1041 1500 sena·

86 1522 216 1594 toribus,
231 1526 335 1600 quobus
349 1532 449 1604 patres
460 1525 586 1588 Romani
597 1526 793 1596 consulssent,
810 1526 909 1586 civitas
924 1523 1043 1584 daretur

87 1616 174 1686 atque
189 1609 220 1667 in
233 1607 454 1670 demortuorum
469 1607 567 1670 locum
581 1610 613 1670 ln
628 1618 763 1670 senatum
778 1608 957 1687 legerentur.
976 1614 1070 1666 eamd
1090 1617 1098 1630 ³

86 1692 262 1754 sententiam
276 1691 355 1752 haud
370 1693 558 1770 aequioribus
572 1694 679 1753 animis
693 1710 781 1772 quam
801 1693 934 1772 ipsorum
948 1707 1042 1769 quon·

87 1775 154 1835 darn
179 1772 356 1851 postulatum
376 1774 554 1836 ,Latlnorum
584 1784 683 1853 patres
711 1775 881 1852 audierunt3
919 1782 949 1834 et
976 1781 1070 1834 cumt

84 1858 222 1917 Iremitus
241 1856 456 1935 indignantium
476 1865 536 1918 tota
556 1859 637 1918 curla
657 1866 747 1928 esset,
776 1866 806 1918 et
826 1860 983 1937 praecipue
1007 1855 1042 1918 Τ.

88 1938 210 2001 lllanllus
231 1957 296 2001 esse
316 1940 403 2001 etiam
427 1957 505 2000 nunc
532 1941 594 2000 eius
617 1941 717 2019 stirpis
741 1941 835 2001 virum
858 1940 983 2009 diceret,
1007 1958 1043 1999 ex

88 2041 145 2103 qua
166 2022 313 2103 quondam
334 2025 367 2083 in
383 2021 523 2102 Capitolio
540 2022 642 2083 consul
659 2025 786 2084 minatus
803 2032 880 2083 esset
897 2022 1042 2091 Latinum,

88 2124 176 2187 quem
190 2108 221 2166 in
237 2108 318 2168 curia
333 2107 465 2179 vidisset,
489 2125 557 2168 eum
579 2125 630 2169 sna
649 2122 786 2166 manusc
808 2105 1042 2173 interfecturum,

88 2190 123 2261 0.
141 2189 248 2251 Fabius
259 2190 402 2252 Maximus
417 2208 577 2270 numquam
591 2192 637 2250 rei
652 2189 739 2251 ullius
755 2188 896 2250 alieniore
910 2194 1073 2266 tempores

89 2276 269 2335 mentionem
283 2274 389 2336 iactam
411 2274 442 2335 in
464 2282 567 2335 senatu
589 2274 674 2343 dicit,
699 2291 785 2353 quam
802 2273 879 2332 inter
899 2280 959 2332 tam
979 2287 1042 2331 sus·
1078 2317 1083 2324 .

89 2374 195 2436 pensos
222 2359 370 2420 sociorum
396 2359 508 2419 animos
532 2360 733 2436 incertamque
761 2355 849 2417 iidem
873 2354 904 2415 ld
936 2361 1042 2424 actum,

89 2440 167 2519 quod
181 2442 302 2522 insuper
316 2439 486 2514 sollicitaret
501 2459 560 2502 eos.
591 2459 655 2501 eam
671 2442 758 2501 unius
776 2439 903 2500 homiuls
920 2443 1071 2499 temera-o

90 2525 162 2594 riam
186 2543 289 2586 vocem
311 2524 426 2586 silentio
447 2525 578 2586 omnium
600 2524 826 2602 extinguendam
847 2540 926 2591 esse,
952 2530 996 2591 et,
1019 2521 1044 2580 si

63 2610 69 2619 '
90 2607 158 2686 quid
171 2626 313 2688 umquam
328 2610 428 2671 arcani
446 2609 575 2671 sanctire
591 2607 627 2670 ad
642 2606 788 2669 silendum
804 2608 835 2667 in
851 2607 932 2667 curia
945 2605 1058 2675 luerit,

90 2690 120 2751 ld
128 2694 259 2752 omnium
271 2694 397 2753 maxime
407 2692 575 2771 tegendum,
588 2691 790 2764 occulendum,
803 2689 1042 2759 obliviscendum,

91 2789 145 2849 pro
163 2791 223 2834 non
239 2772 494 2835 dictohabendum
507 2793 580 2835 esse.
603 2778 643 2835 ita
657 2777 772 2844 elusrei
782 2790 922 2854 oppressa
933 2773 1044 2834 mentio
1104 2797 1106 2802 ·

92 2863 145 2914 est.
175 2855 363 2925 dictatorem,
382 2859 432 2934 qui
447 2874 552 2917 censor
567 2867 635 2917 ante
656 2858 757 2917 luisset
775 2856 1042 2933 vetustissimusque
1056 2861 1086 2910 lu

47 2979 48 2982 κ
91 2939 199 3008 exeis,
221 2940 271 3016 qni
292 2939 436 3010 viverent,
462 2940 603 3000 censoriis
620 2946 710 3008 esset,
735 2938 830 2998 creari
850 2935 974 3017 placuit,
997 2939 1047 3016 qui

91 3030 224 3083 senatum
252 3018 378 3099 legeret,
411 3022 558 3099 accirique
583 3022 615 3083 C.
635 3021 808 3082 Terentium
836 3018 985 3080 consulem
1008 3019 1045 3079 ad

91 3105 264 3165 dictatorem
279 3103 435 3165 dicendum
454 3107 612 3165 iusserunt
643 3105 693 3182 qui
716 3122 754 3165 ex
768 3102 872 3182 Apulia
887 3101 990 3162 relicto
1004 3101 1044 3161 ibi
1057 3109 1084 3161 tt
1117 3168 1121 3175 ,

92 3188 238 3268 praesidio
255 3206 322 3248 cum
343 3185 457 3266 mag'nls
476 3186 631 3249 itineribus
651 3188 774 3247 Romam
796 3185 934 3255 redisset,
960 3193 1046 3246 nocte

80 3274 223 3355 ,proxima
246 3280 278 3332 ut
298 3290 361 3333 mos
383 3280 459 3342 erat,
483 3271 521 3332 Μ.
540 3269 661 3333 Fabium
683 3271 846 3332 Buteonem
872 3288 907 3329 ex
928 3271 1046 3329 senatus

92 3356 224 3419 consulto
238 3359 302 3416 sine
317 3355 457 3435 magistro
475 3356 605 3433 e'qultum
621 3355 795 3415 dictatorem
816 3355 848 3418 ,in
863 3371 914 3413 sex
930 3369 1047 3411 meuses

92 3438 170 3502 dixit.
