2575 4067
343 265 436 309 nrsxa
448 255 626 309 rx.osr.3l.
641 245 796 332 [modii]
994 258 1053 318 127

97 417 128 477 ln
145 417 264 478 Samnio
282 412 425 485 Cluviam,
442 414 620 494 praesidium
635 415 815 486 Romanum,
834 418 901 497 qula
917 422 1082 500 nequire-2

97 502 184 562 ratri
199 502 278 581 capi,
295 497 446 560 obsessum
460 498 537 560 lame
551 500 580 559 in
592 498 771 560 deditionem
784 513 959 577 acceperant
971 505 1053 566 Sam·

97 585 182 652 nites,
199 581 429 663 verberibusque
436 581 553 643 foedum
561 583 717 644 inmodum
729 582 873 646 laceratos
885 586 1053 648 occiderant

96 667 220 729 deditos.
261 668 328 730 huic
349 665 481 727 infensus
500 665 665 727 crudelitati
682 666 797 742 Iunius,
820 666 892 727 nihil
908 672 1080 748 antiquiora

94 752 315 830 oppugnatione
333 748 470 810 Cluviana
484 758 582 821 ratus,
606 768 664 829 quo
679 749 726 812 die
740 751 897 830 adgressus
912 761 957 813 est
971 772 1052 815 moe·

95 836 157 904 nia,
174 836 203 893 vi
224 835 301 914 cepit
313 843 400 912 atque
414 850 517 894 omnes
537 833 667 912 puberes
685 834 841 896 interiecit.
877 834 947 896 lude
962 837 1079 898 rictort

96 919 244 979 exercitus
262 918 424 978 Bovianum
445 916 558 978 ductus.
596 926 684 998 caput
708 917 765 979 lroc
791 928 854 979 erat
876 919 1050 982 Pentrorum

93 1002 271 1063 Samnitium
287 1000 375 1080 longe
390 1000 565 1062 ditissimum
588 1010 675 1080 atque
691 1001 945 1081 opulentissimum
962 1007 1052 1064 armis

93 1086 233 1164 n‘risque.
263 1085 305 1144 ibi
318 1086 385 1164 quia
399 1083 478 1147 haud
497 1092 609 1145 tautum
624 1087 734 1147 irarum
759 1093 837 1155 erat,
859 1105 911 1165 spe
925 1086 1080 1165 praedaeo

92 1167 205 1231 milites
222 1170 338 1229 accensi
356 1166 465 1248 oppido
479 1169 641 1249 potiuntur.
676 1169 773 1231 minus
792 1172 890 1249 itaque
911 1171 1050 1231 saevitum

93 1253 122 1312 in
138 1252 242 1313 hostes
257 1261 315 1323 est,
336 1251 464 1332 praedae
478 1251 545 1333 plus
566 1269 661 1331 paene
676 1270 763 1330 mam
785 1254 915 1314 exomni
932 1253 1052 1314 Samnio

92 1353 235 1415 umquam
251 1343 398 1413 egestum,
415 1334 602 1415 benigneque
624 1337 720 1395 omnis
741 1334 825 1396 militi
842 1353 990 1397 concessa.
1024 1345 1080 1398 eto

90 1427 249 1499 postquam
270 1427 492 1498 praepotentem
512 1420 601 1479 armis
617 1419 781 1480 Romanum
806 1437 861 1479 nec
883 1421 960 1482 acies
983 1420 1051 1481 sub-

90 1505 200 1564 sistere
215 1501 291 1562 ullae
306 1519 361 1563 nec
372 1511 468 1563 castra
483 1520 538 1563 neo
550 1502 640 1563 urbes
653 1510 804 1582 poterant,
823 1504 954 1565 omnium
969 1506 1051 1585 prin·

4 1605 7 1612 ·
91 1588 193 1666 cipum
208 1587 239 1645 in
257 1585 376 1647 Samnio
392 1603 427 1646 eo
441 1603 530 1647 curae
544 1594 613 1648 sunt
624 1587 768 1656 intentae,
785 1596 818 1648 ut
834 1585 947 1649 insidiis
962 1606 1051 1669 quae·

90 1677 212 1730 reretur
227 1667 322 1740 locus,
349 1669 374 1729 sl
391 1687 448 1748 qua
462 1667 578 1730 licentia
600 1669 760 1749 populandi
775 1671 882 1732 ellusus
906 1674 1051 1733 exercitus

64 1767 67 1774 ·
91 1753 190 1831 excipi
208 1768 243 1812 ac
257 1753 462 1813 circumveniri
478 1761 588 1832 posset
614 1755 783 1833 transfugae
794 1765 924 1834 agrestes
940 1765 969 1816 et
984 1761 1079 1836 cap-⁷

92 1837 143 1896 tivi
162 1834 294 1914 quidam,
317 1854 386 1914 pars
401 1836 477 1897 iorte
500 1854 568 1915 pars
591 1838 714 1899 consilio
732 1838 838 1913 oblati.
859 1842 1051 1918 congruentia

91 1919 128 1980 ad
145 1918 296 1981 consulem
313 1919 494 1990 adferentes,
516 1937 591 1997 quae
607 1928 636 1981 et
656 1940 724 1982 vera
741 1932 839 1992 erant,
861 1925 978 2002 pecoris
992 1924 1050 1983 vim

89 2004 245 2081 ingentem
259 2004 289 2062 in
310 2001 416 2063 saltum
438 2004 532 2064 avium
554 2004 724 2083 conpulsam
745 2022 826 2073 esse,
847 2006 1050 2084 perpulerunt,

90 2096 123 2148 ut
134 2085 309 2165 praedatum
323 2104 358 2146 eo
371 2086 522 2165 expeditae
535 2084 714 2147 ducerentur
725 2085 865 2163 legiones.
894 2088 933 2147 ibi
947 2090 1079 2166 ingensu

90 2170 223 2230 hostium
236 2171 383 2230 exercitus
398 2172 503 2229 itinera
519 2166 651 2229 occultus
665 2167 828 2239 insederat,
845 2180 881 2239 et,
896 2178 1049 2249 postquam

91 2256 219 2313 intrasse
233 2252 382 2314 Romanos
396 2253 467 2312 vidit
489 2250 608 2323 saltum,
631 2261 755 2330 repente
776 2261 895 2311 exortus
911 2270 976 2312 cum
993 2250 1051 2310 cla·

90 2354 177 2396 more
192 2354 227 2395 ac
239 2335 366 2397 tumultu
380 2338 516 2397 incautos
529 2334 648 2395 invadit.
685 2342 714 2395 et
728 2336 823 2414 primo
839 2352 911 2395 nova
928 2352 976 2394 res
992 2339 1080 2394 tre-o

91 2419 274 2499 pidationem
290 2419 375 2490 iecit,
390 2419 460 2479 dum
476 2437 557 2480 arma
578 2420 711 2497 capiunt,
735 2419 866 2479 sarcinas
887 2425 1053 2496 congerunt

90 2506 123 2562 in
136 2503 281 2571 medium;
293 2502 369 2574 dein,
381 2510 545 2582 postquam,
557 2511 590 2562 ut
601 2504 724 2584 quisque
735 2501 911 2564 liberaverat
922 2518 1051 2564 secuere

92 2594 300 2665 aptaveratque
315 2588 417 2656 armis,
433 2586 469 2646 ad
486 2588 567 2665 signa
583 2586 713 2665 undique
728 2585 846 2648 coibant
867 2596 896 2647 et
910 2589 986 2649 notis
1002 2605 1050 2648 or·

92 2667 213 2730 dinibus
231 2671 262 2729 in
280 2678 380 2730 vetere
400 2669 552 2749 disciplina
581 2669 702 2731 militiae
723 2673 780 2732 iam
808 2672 872 2732 sine
892 2679 1051 2752 praecepto

91 2751 181 2813 ullius
201 2770 253 2813 sua
273 2763 378 2833 sponte
405 2753 573 2814 struebatur
593 2755 684 2825 acies,
707 2754 809 2817 consul
832 2756 868 2816 ad
893 2758 1049 2834 ancipitem
1061 2758 1094 2809 io

91 2836 221 2896 maxime
241 2855 371 2915 pugnam
385 2836 523 2898 advectus
537 2835 634 2897 desilit
649 2855 685 2898 ex
704 2855 794 2918 equo,
816 2846 845 2899 et
863 2838 960 2899 lovem
974 2839 1051 2899 llar-

91 2927 212 2998 temque
227 2927 314 2999 atque
335 2918 406 2981 alios
429 2928 551 2982 testatur
568 2918 640 2980 deos
658 2936 690 2979 se
706 2920 814 2981 nullam
829 2939 911 2980 suana
928 2918 1050 2997 gloriam

91 3001 177 3072 inde,
195 3002 247 3063 sed
262 3002 402 3082 praedam
417 3002 503 3064 militi
515 3009 706 3080 quaerentem
721 3002 751 3062 in
768 3020 835 3063 eum
850 3001 948 3062 locum
965 3000 1051 3059 deve·

92 3087 187 3156 nisse,
210 3104 308 3166 neque
328 3089 359 3147 ln
379 3105 412 3147 se
432 3085 511 3147 aliud
532 3105 619 3167 quam
639 3085 759 3147 nimiam
782 3084 892 3146 ditandi
914 3102 948 3145 ex
965 3082 1049 3142 hoste
1062 3091 1092 3139 11

92 3167 195 3229 militis
217 3186 319 3231 curam
343 3170 520 3250 reprebendi
541 3188 644 3249 posse:
665 3168 755 3230 abeo
778 3187 810 3231 se
826 3168 970 3229 dedecore
986 3165 1051 3226 nul·

92 3251 152 3314 lam
164 3270 230 3314 rem
245 3252 331 3315 aliam
344 3271 431 3334 mam
446 3255 582 3313 virtutem
594 3252 719 3312 militum
731 3252 955 3313 vindicaturam:
968 3251 1049 3310 coni·
1063 3258 1093 3309 12

93 3345 231 3397 terentur
245 3337 334 3398 modo
345 3355 405 3398 uno
419 3337 517 3397 animo
529 3351 632 3395 omncs
643 3335 782 3395 invadere
796 3335 927 3405 bostem,
944 3335 1052 3396 victum

95 3420 173 3490 acle,
199 3423 303 3481 castris
324 3428 459 3490 exutum,
484 3417 626 3480 nudatum
649 3416 787 3490 urbibus,
814 3417 945 3478 ultimam
968 3437 1051 3500 spem

94 3502 173 3565 iurto
191 3503 366 3566 insidiarum
388 3509 580 3582 temptantem
602 3511 632 3563 et
652 3500 734 3572 loco,
756 3520 816 3564 non
830 3503 919 3564 armis
933 3502 1052 3565 fretum.
