2575 4067
253 225 315 288 120
451 240 544 281 arnan
557 239 600 280 rx.
616 238 685 281 oar.
700 228 745 280 24.
759 227 802 280 25.
816 215 856 298 [a.
870 241 902 279 u.
917 240 944 280 c.
958 218 1020 299 440]

251 388 309 457 tia,
326 392 358 447 ut
372 387 406 448 ilt
418 387 450 447 in
465 386 603 464 aspretis,
620 384 701 446 etde
716 383 978 454 mintriacum,
995 401 1054 464 quo
1068 382 1152 446 locus
1165 392 1213 447 tu·
1285 417 1286 456 ς

224 472 311 531 rtior
326 479 417 539 esset,
439 468 477 530 ab
499 468 654 548 oppidanis
675 475 823 546 congesta.
852 466 904 528 ubi
927 485 995 528 cum
1013 468 1213 530 constituisset
1285 463 1286 542 l

250 553 413 623 Romanos,
428 554 622 631 semitamque
632 558 785 629 augustam
795 560 825 612 et
836 551 959 612 arduam
971 559 1099 611 erectam
1113 569 1149 612 ex
1160 570 1212 632 op-

251 637 363 717 pidoln
376 654 476 698 mecm
493 634 684 697 ostendisset:
717 634 803 713 „boc
816 633 936 714 melem
951 643 1101 718 ascensu“
1116 636 1213 714 inquil
1285 645 1286 704 ξ

224 720 323 792 8„vel
338 728 400 798 ires
412 720 517 782 armati
527 718 690 799 quamlibet
702 717 920 779 multitudinem
930 719 1095 788 arcuerint;
1119 728 1213 781 roset
1285 715 1286 788 l

251 804 354 865 decem
365 821 504 872 numero,
516 810 560 874 et,
574 802 653 882 quod
663 802 731 882 plus
742 810 801 873 est,
815 801 940 863 Romani
952 802 1212 883 Romanorumque

250 888 402 949 tortissimi
416 888 472 947 viri
487 887 566 947 estis.
597 894 627 947 et
646 885 729 947 locus
750 903 806 965 pro
819 884 903 946 robis
919 895 949 946 et
969 903 1027 946 nox
1043 886 1115 955 erit,
1137 904 1212 966 quae
1285 921 1286 924 =

250 974 348 1032 omnia
360 988 396 1032 ex
409 972 525 1031 incerto
537 971 650 1031 maiora
664 970 776 1031 territis
787 977 922 1030 ostentat.
953 986 1008 1047 ego
1021 970 1082 1030 iam
1096 976 1212 1031 terrore

220 1057 349 1115 somnia
362 1053 499 1134 inplebo,
521 1072 572 1113 vos
589 1071 688 1115 arcem
707 1054 813 1114 intenti
830 1060 960 1114 tenete.“
992 1052 1125 1114 decurrit
1142 1053 1212 1118 inde

249 1146 359 1217 quanio
370 1138 497 1200 maxime
507 1145 624 1217 poterat
635 1155 703 1198 cum
714 1135 855 1197 tumultu:
871 1137 933 1207 „ad
945 1154 1028 1197 arum
1035 1145 1055 1171 “
1069 1144 1113 1197 et:
1130 1183 1149 1208 „
1157 1147 1212 1215 pro
1285 1199 1286 1202 ,

248 1231 376 1283 vestram
392 1221 495 1293 iidem,
516 1221 620 1282 cires⁴‘
642 1220 809 1290 clamitans,
830 1239 912 1291 „arx
924 1219 961 1281 ab
979 1219 1114 1282 hostibus
1127 1229 1211 1301 capta

209 1312 242 1365 ιθ
253 1312 306 1375 est,
319 1305 477 1376 defendite,
488 1306 560 1368 lte.“
593 1305 668 1366 baec
678 1304 814 1365 incidens
824 1305 992 1384 principum
1003 1303 1125 1375 loribus,
1139 1305 1212 1373 baec

249 1388 350 1461 obviis,
363 1390 436 1450 baec
442 1389 668 1450 excurrentibus
675 1390 708 1448 in
718 1386 870 1467 publicum
880 1387 993 1466 paridis
999 1389 1145 1468 increpat
1163 1406 1211 1450 ao·

209 1481 237 1532 11
251 1481 368 1553 ceptum
383 1472 421 1532 ab
432 1490 492 1532 uno
504 1489 644 1551 pauorem
660 1470 761 1551 plures
771 1488 826 1551 per
839 1470 946 1532 urbem
963 1471 1073 1532 lerunt.
1103 1471 1212 1552 trepidi

249 1557 438 1634 magistratus
449 1555 546 1615 mmsis
558 1555 596 1616 ad
605 1574 706 1616 arcem
718 1555 952 1633 exploratoribus
966 1573 1033 1615 earm
1047 1554 1106 1616 tela
1121 1563 1152 1615 et
1162 1573 1210 1616 ar·
1285 1603 1286 1626 2

248 1647 342 1699 matos
352 1646 456 1698 tenere
465 1656 566 1701 arcem
576 1637 768 1720 multiplicato
780 1656 905 1699 numero
915 1638 1062 1709 audirent,
1076 1645 1212 1700 avertarnt

207 1724 364 1782 inanimes
377 1741 395 1782 a
410 1738 463 1801 spe
477 1721 699 1802 recuperandae
716 1723 807 1791 arcis:
824 1723 892 1801 luga
907 1732 1013 1784 cuncta
1024 1722 1210 1804 conplentur,

246 1810 409 1885 portaeque
416 1805 453 1865 ab
461 1806 647 1867 semisomnis
655 1823 690 1865 ac
697 1808 823 1868 maxima
835 1814 920 1885 parte
930 1806 1094 1868 inermibus
1102 1806 1211 1868 reirin·

248 1897 373 1968 guntur,
389 1906 514 1968 quarum
531 1907 586 1969 per
601 1907 691 1950 unam
706 1889 884 1967 praesidium
899 1888 1066 1952 Romanum
1081 1890 1212 1952 clamore
1285 1897 1286 1950 ἒ

248 1975 405 2035 excitatum
416 1974 560 2054 inrumpit
571 1980 601 2034 et
611 1981 822 2036 concursantes
833 1992 888 2053 per
896 1975 958 2036 rias
970 1974 1091 2054 pavidos
1104 1974 1210 2036 caedit

205 2064 237 2117 13
248 2059 307 2118 iam
321 2057 396 2119 Sora
414 2063 497 2136 capta
516 2063 594 2129 erat,
616 2075 684 2118 cum
701 2056 836 2119 consules
857 2059 953 2137 prima
970 2056 1037 2118 luce
1056 2058 1210 2129 advenere,

205 2234 237 2286 a
246 2149 278 2287 i
290 2139 640 2305 iiiititizlissii
653 2141 1212 2306 “iiiiiititiiiiiiitiii

246 2312 298 2388 qui
308 2311 440 2371 omnium
452 2326 599 2371 consensu
610 2308 833 2370 destinabantur
844 2316 875 2369 et
887 2307 1026 2370 infandae
1038 2308 1211 2372 colonorum

245 2393 344 2455 caedis
363 2401 393 2454 et
413 2392 586 2454 deiectionis
606 2400 757 2462 auctores,
778 2392 891 2453 vinctos
904 2392 1029 2454 llomam
1045 2391 1210 2462 deducunt;

246 2485 375 2538 ceteram
390 2475 609 2538 multitudinem
624 2475 804 2538 incolumem
818 2476 966 2555 praesidio
976 2477 1105 2558 inposito
1117 2477 1211 2540 Sorae

204 2568 236 2618 15
246 2559 426 2638 remquam.
460 2577 579 2635 omnes,
602 2562 654 2640 qui
667 2560 792 2620 Romam
809 2557 927 2622 deducti
950 2566 1049 2632 erant,
1073 2562 1164 2640 virgis
1178 2562 1210 2623 ln

243 2641 310 2702 foro
325 2644 404 2702 caesi
420 2659 456 2701 ac
471 2644 569 2703 securi
582 2645 718 2722 percussi
734 2661 850 2705 summo
872 2644 979 2723 gaudio
994 2642 1106 2724 plebis,
1126 2646 1211 2707 cuius

244 2725 372 2786 maxime
387 2726 532 2786 intererat
549 2732 642 2787 tutam
657 2725 785 2806 ubique,
808 2745 884 2808 quae
906 2729 1017 2807 passim
1031 2729 1063 2788 ln
1079 2726 1211 2790 colonia

244 2810 424 2879 mitteretur,
440 2807 660 2872 multitudinem
675 2828 751 2874 esse.

217 2901 230 2952 l
305 2892 391 2955 XXV.
423 2893 565 2956 Consules
586 2893 623 2955 ab
644 2895 718 2957 Sora
738 2895 866 2975 proiecti
886 2897 919 2956 in
943 2913 1030 2974 agros
1051 2903 1140 2975 atque
1158 2914 1209 2957 ur·

216 2977 297 3039 abes
314 2978 466 3039 insonum
479 2977 590 3040 bobum
605 2977 779 3040 intulerunt.
810 2987 890 3041 mota
904 2997 1033 3058 namque
1047 2981 1147 3041 omnia
1156 2979 1210 3040 ad·

241 3071 331 3123 ventu
346 3062 537 3133 Samnitium,
554 3081 622 3123 cum
638 3061 715 3141 apud
731 3061 870 3124 Lautulas
884 3062 1054 3124 dImicatum
1069 3072 1130 3133 est,
1145 3063 1209 3123 iue-

214 3153 317 3218 arant,
331 3147 609 3226 coniurationesque
620 3147 700 3207 circa
708 3146 897 3226 Campaniam
910 3147 1018 3227 passim
1030 3146 1141 3217 isone:
1153 3164 1210 3209 uec

241 3230 340 3310 Capua
365 3232 429 3311 ipsa
451 3230 575 3290 crimine
601 3232 712 3299 caruit:
740 3232 811 3310 quin
833 3230 958 3293 Romam
979 3247 1098 3310 quoque
1118 3238 1148 3291 et
1171 3230 1208 3292 ad

239 3315 408 3392 principum
422 3312 566 3393 quosdam
582 3314 759 3393 inquirendo
777 3324 898 3376 rentum
913 3322 967 3375 est
1001 3322 1134 3376 ceterum
1150 3315 1209 3376 ln·

240 3413 346 3456 mnum
362 3414 436 3474 gens
450 3398 620 3476 proditione
629 3399 764 3470 urbium,
782 3400 860 3460 sicut
873 3399 962 3468 Sora,
986 3399 1019 3459 in
1033 3405 1208 3478 potestatem

213 3479 329 3536 evenit.
357 3481 475 3539 Ausona
487 3489 517 3540 et
530 3481 698 3542 Minturnae
714 3491 744 3543 et
759 3482 861 3543 Vescia
875 3483 967 3544 urbes
976 3491 1079 3549 erant,
1095 3500 1132 3544 ex
1143 3482 1209 3561 qul·
1285 3557 1286 3562 γ
