2575 4067
257 250 320 311 tta
434 262 527 304 eman
542 262 607 303 xxi.
622 260 690 302 osr.
705 249 749 301 47.
764 246 808 301 48.
827 237 868 320 [a.
885 261 917 301 u.
933 261 959 300 e.
973 238 1035 318 ost]

257 408 450 474 Hannibalem
465 426 520 488 per
534 408 687 488 superiora
702 406 774 468 Padi
788 405 861 467 vada
875 406 1036 466 exercitum
1054 406 1223 469 traduxisse

258 493 420 574 elephantis
432 495 464 553 in
484 492 619 553 ordinem
642 489 678 552 ad
700 487 905 551 sustinendum
924 491 1067 568 impetum
1088 489 1222 555 fluminis

229 578 407 657 suppositis.
442 596 476 638 ea
493 576 595 656 peritis
616 576 711 636 amnis
731 575 794 634 eius
810 571 965 634 rixidem
985 572 1127 642 iecerint,
1153 592 1221 635 nam

257 680 353 742 neque
375 661 488 740 equites
509 660 598 720 mmis
623 660 763 738 equisque
781 655 867 718 salvis
887 663 999 717 tantam
1014 658 1073 717 rim
1088 656 1221 719 fluminis

257 761 411 826 superasse
431 745 493 804 reri
511 742 606 804 simile
627 749 686 812 est,
708 748 741 802 ut
766 743 825 803 iam
844 741 989 820 Hispanos
1012 743 1111 803 omnis
1125 742 1221 804 inflati

258 829 437 890 travexerint
454 835 551 897 utres,
566 834 596 887 et
612 826 772 887 multorum
788 825 903 886 dierum
917 826 1043 885 circuitu
1056 824 1131 886 Padi
1148 826 1220 886 vada

258 911 384 992 petenda
397 912 519 981 luerint,
535 928 592 990 qua
607 912 753 971 exercitus
768 911 863 988 gravis
880 907 1088 989 inpedimentis
1104 910 1219 971 traduci

228 1003 245 1055 ο
256 1004 364 1077 posset.
406 997 536 1075 potiores
556 994 634 1074 apud
657 1011 705 1054 me
726 1001 862 1055 auctores
883 1000 966 1062 sunt,
988 993 1039 1072 qui
1058 992 1151 1054 biduo
1174 996 1218 1054 rix

256 1080 354 1141 locum
376 1086 440 1140 rate
459 1077 609 1157 iungendo
630 1077 745 1137 flumini
768 1078 918 1153 inventum
938 1075 1071 1143 tradunt:
1097 1095 1132 1138 ea
1151 1097 1218 1139 eum

161 1182 167 1191 ·
229 1164 380 1243 tblagone
402 1164 513 1241 equites
534 1162 731 1241 Hispanorum
750 1160 902 1241 expeditos
924 1162 1113 1238 praemissos.
1148 1162 1217 1223 dum

256 1246 415 1317 Hannibal,
442 1248 521 1307 circa
543 1246 654 1307 ilumen
674 1244 869 1322 legationibus
889 1242 1040 1305 Gallorum
1062 1245 1218 1306 audiendis

256 1339 402 1401 moratus,
436 1331 534 1391 traicit
555 1330 671 1408 gravius
690 1327 822 1406 peditum
847 1345 967 1406 agmen,
990 1329 1111 1389 interim
1132 1330 1217 1407 Mago

257 1416 427 1494 equitesque
442 1413 479 1475 ab
494 1414 619 1479 transitu
639 1412 769 1474 fluminis
787 1412 847 1472 diei
861 1412 949 1473 unius
967 1413 1075 1472 itinere
1092 1412 1216 1474 Placen·

229 1499 326 1559 stiam
340 1497 377 1559 ad
391 1498 492 1558 hostes
512 1495 703 1557 contendunt.
738 1493 884 1557 Hannibal
899 1497 1002 1574 paucis
1022 1505 1091 1576 post
1113 1495 1217 1557 diebus

258 1598 310 1642 sex
330 1579 410 1641 milia
431 1598 448 1639 a
467 1579 615 1640 Placentia
640 1586 735 1641 castra
763 1579 955 1639 communivit
973 1587 1004 1641 et
1026 1588 1147 1659 postero
1170 1580 1217 1641 die

255 1664 288 1723 in
312 1670 471 1741 conspectu
500 1661 628 1724 bostium
663 1664 726 1724 acie
752 1661 870 1723 derecta
896 1669 1071 1741 potestatem
1100 1682 1217 1743 pugnae

257 1745 334 1805 lecit.
509 1800 511 1803 ,

230 1839 242 1889 1
275 1888 279 1892 ,
317 1828 440 1890 XLVHI.
477 1829 646 1907 Insequenti
663 1839 750 1890 nocte
766 1828 871 1890 caedes
893 1831 1043 1890 incastris
1064 1831 1215 1899 Romanis,

256 1913 382 1974 tumultu
397 1921 593 1991 tamenquam
611 1930 644 1973 re
659 1915 766 1983 maior,
781 1912 818 1975 ab
835 1912 1023 1974 auxiliaribus
1034 1912 1126 1974 Gallis
1139 1913 1215 1975 iacta

230 2004 309 2057 test.
339 1997 376 2059 ad
394 1995 452 2058 duo
467 1995 547 2059 milla
560 1996 693 2075 peditum
709 2005 738 2057 et
759 1996 878 2058 ducenti
895 1997 1007 2076 equites
1027 1996 1165 2075 vigilibus
1180 1998 1215 2061 ad

83 2092 236 2186 w
256 2089 357 2162 portas
377 2082 528 2143 trucidatis
549 2077 585 2139 ad
601 2079 795 2140 Hannibalem
815 2080 1027 2158 transfugiunt,
1053 2100 1128 2161 quos
1142 2083 1216 2144 Poe·

201 2160 205 2167 ”
256 2183 312 2228 nus
325 2165 453 2244 benigne
468 2163 618 2226 adlocutus
630 2171 661 2223 et
674 2181 726 2242 spe
739 2165 903 2242 ingentium
918 2163 1063 2225 donorum
1076 2183 1216 2228 accensos

256 2251 288 2310 iu
305 2250 435 2310 civitates
449 2266 594 2328 quemque
611 2265 679 2308 suas
689 2246 725 2306 ad
740 2246 938 2308 sollicitandos
952 2247 1139 2327 popularium
1153 2251 1215 2310 ani·

228 2340 324 2393 omos
336 2332 454 2401 dimisit,
482 2330 720 2410 Scipmmaedem
740 2348 804 2392 eam
826 2332 942 2409 signum
963 2331 1137 2393 deiectionis
1151 2351 1215 2394 om·

257 2417 338 2475 nium
354 2413 506 2476 Gallorum
521 2433 586 2475 esse
605 2422 701 2485 ratus,
724 2421 932 2494 contactosque
952 2434 987 2476 eo
1007 2415 1121 2477 scelere
1135 2415 1215 2478 velut

228 2499 361 2558 siniecta
372 2497 454 2559 rabie
469 2498 505 2557 ad
521 2516 603 2559 arun
616 2499 725 2569 ituros,
742 2515 919 2577 quamquam
930 2501 1026 2578 gravis
1040 2500 1136 2560 adhue
1152 2499 1215 2560 vul·

257 2596 328 2638 nere
344 2590 422 2650 erat,
444 2588 543 2640 tamen
566 2589 670 2658 quarta
691 2581 789 2660 vigilia
808 2584 902 2642 noetis
922 2584 1103 2663 insequentis
1126 2585 1215 2644 tacito

256 2662 372 2737 agmine
386 2661 536 2741 proiectus
557 2664 593 2722 ad
615 2662 754 2725 Trebiam
771 2665 891 2727 dunum
907 2667 965 2727 iam
979 2670 1011 2728 t'n
1027 2666 1090 2728 loca
1106 2665 1216 2730 altiora

229 2742 397 2823 accitisque
420 2745 620 2823 impeditiores
640 2748 731 2826 equiti
753 2756 848 2810 castra
869 2758 975 2810 movet.
1015 2753 1107 2812 miuus
1121 2767 1215 2828 wem

255 2827 292 2889 ad
306 2827 442 2890 'fletuum
458 2827 577 2899 ieiellita
599 2827 754 2912 missisque
769 2832 914 2894 Hannibal
927 2835 1061 2913 primum.
1069 2833 1213 2905 Numidis,

255 2913 362 2975 deinde
380 2913 460 2975 omni
478 2916 606 2993 equitatu
622 2914 769 2977 turbasset
781 2917 882 2997 utique
894 2919 1082 2979 novissimum
1097 2936 1212 2996 agmen,

256 2999 285 3058 ni
300 2997 436 3059 aviditate
448 2999 575 3078 praedae
588 3000 619 3059 in
638 3018 726 3060 vacua
741 2999 872 3062 Romana
893 3008 989 3061 eastra
1000 3001 1145 3062 Numidae
1162 3001 1214 3062 de·

229 3083 419 3145 trmbssent.
455 3080 582 3142 ibidum
603 3092 824 3165 perscrutantes
848 3083 913 3145 loca
928 3086 1025 3145 omnia
1048 3095 1214 3146 castrorum
1287 3097 1288 3108 ¹

256 3162 335 3226 nullo
349 3164 525 3247 satissdigno
539 3183 639 3236 morae
653 3169 749 3246 pretio
765 3176 880 3246 tempus
896 3176 1003 3238 terunt,
1020 3171 1144 3229 emissus
1160 3168 1213 3230 bo·

254 3249 306 3308 stis
327 3257 371 3310 est
394 3248 431 3309 de
453 3248 600 3319 manibus,
618 3251 658 3315 jet
675 3270 744 3318 cum
766 3252 825 3312 iam
846 3260 1045 3327 transgressos
1072 3251 1213 3314 Trebiam

254 3329 401 3413 Romanos
425 3335 620 3413 metantisque
638 3343 734 3396 castra
750 3336 972 3412 conspexissent,
989 3354 1099 3416 paucos
1114 3354 1213 3397 mora·

228 3418 351 3474 turum
379 3416 550 3491 occiderunt
567 3419 641 3477 citra
656 3418 775 3480 ‘ilumen
800 3421 992 3499 interceptos.
1030 3420 1129 3498 Scipio
1157 3437 1213 3479 nec

254 3496 436 3573 serationem
452 3498 579 3559 vulneris
591 3503 679 3561 invia
693 3503 791 3563 lactati
804 3502 881 3564 ultra
891 3505 1007 3583 patiens
1021 3512 1050 3563 et
1067 3501 1212 3581 collegam
