2575 4067
248 251 309 315 110
466 265 559 309 omne
574 266 616 309 rx.
632 232 702 311 oar.
720 252 761 312 ld.
777 244 817 331 [a.
832 267 864 310 u.
878 268 905 311 o.
919 241 979 331 4³5]

249 409 351 475 consul
371 411 443 474 alter
458 430 525 474 cum
539 412 711 484 SauieanS,
734 413 783 493 qui
808 414 885 475 cives
900 411 1025 476 Romani
1043 415 1107 491 post
1120 405 1185 468 Cau

249 494 347 558 dinam
363 496 476 558 cladem
490 496 526 556 ad
541 497 686 558 Samnites
708 495 878 558 defecerant
896 496 1128 578 praesidiumque
1142 507 1186 550 eo·

221 583 314 642 trum
328 581 359 641 ln
374 580 479 642 urbem
495 586 685 660 acceperant,
700 597 765 640 rem
779 580 878 660 gessit.
904 598 972 642 nana
988 595 1054 641 cum
1066 575 1101 636 ad
1113 589 1187 635 moe·

248 665 296 725 nia
312 664 417 726 Satrici
439 662 573 725 admotus
594 670 672 725 esset
691 665 851 735 exercitus,
872 662 1033 745 legatisque
1048 658 1140 721 missis
1154 653 1186 717 ad

247 765 350 830 pacem
365 766 432 809 cum
445 746 585 828 precibus
598 746 756 827 petendam
774 747 859 810 triste
872 765 1047 828 responsum
1068 742 1104 805 ab
1124 756 1187 801 cou-

247 830 310 894 sule
324 830 472 894 redditum
487 837 577 902 esset,
601 832 658 892 nisi
677 830 824 910 praesidio
845 829 1021 894 Samnitium
1042 825 1187 889 interiecto

247 923 298 977 aut
313 915 420 977 tradito
436 932 474 976 ne
488 914 525 976 ad
539 933 572 976 se
585 921 768 986 remearent,
789 913 856 995 plus
871 933 905 977 ea
919 934 990 978 voce
1004 930 1090 996 quam
1106 907 1188 970 armis

221 998 345 1061 liniatis
359 999 483 1064 terroris
497 998 609 1060 colonis
624 999 774 1061 iniectum.
807 1000 906 1078 ltaque
925 999 1050 1061 subinde
1071 1008 1188 1057 execun-

246 1090 295 1145 tur
308 1082 507 1163 quaerendoa
529 1081 650 1145 consule
668 1080 769 1161 legati,
794 1100 921 1162 quonam
935 1101 967 1146 sc
987 1089 1072 1165 paeto
1088 1090 1188 1159 paucos
1269 1097 1270 1100 ¹

248 1175 278 1229 et
293 1167 426 1229 infirmos
443 1164 579 1229 crederet
598 1166 744 1247 praesidio
767 1173 828 1228 tam
847 1166 942 1229 valido
965 1176 995 1229 et
1011 1170 1121 1229 armato
1137 1160 1188 1221 rim

247 1249 405 1313 adlaturos.
436 1249 473 1313 ab
487 1249 582 1312 iedem
592 1248 746 1312 consilium
760 1257 862 1330 petere
872 1252 959 1323 iussi,
977 1251 1084 1332 quibus
1098 1252 1188 1309 aucto·

219 1333 329 1397 tribus
343 1334 521 1415 praesidium
535 1335 567 1395 in
580 1333 685 1398 urbem
696 1336 891 1414 accepissent,
910 1334 1080 1405 discedunt,
1096 1345 1187 1409 aegre·

247 1437 305 1499 que
318 1421 487 1499 impetrato,
510 1427 544 1480 ut
561 1418 598 1479 de
613 1436 648 1479 ea
668 1436 701 1479 re
719 1417 832 1481 consuli
846 1434 978 1480 senarum
1000 1426 1189 1498 responsaque

220 1502 284 1564 tad
298 1520 330 1564 se
345 1503 453 1563 referri
467 1503 591 1573 sineret,
605 1501 643 1562 ad
655 1520 724 1563 suos
739 1501 874 1565 redeunt.
906 1502 980 1565 duae
994 1502 1134 1566 factiones
1147 1511 1188 1557 se·

247 1593 348 1647 natum
362 1584 553 1656 distinebant,
569 1602 642 1656 uua,
659 1585 741 1647 cuius
755 1587 904 1666 principes
921 1595 1007 1649 erant
1027 1579 1188 1648 deiectionls

247 1666 386 1748 apopulo
400 1668 533 1731 Romano
550 1677 697 1740 auctores,
720 1668 812 1732 altera
831 1669 961 1732 ddelium
986 1673 1102 1732 civium.
1132 1679 1187 1726 eer-
1270 1705 1271 1724 .

247 1757 338 1813 tatum
350 1749 387 1812 ab
402 1753 534 1832 nmisque
547 1760 646 1814 tamen
659 1760 716 1824 est,
731 1761 765 1815 ut
780 1752 818 1815 ad
831 1754 1081 1817 reconciliandam
1094 1763 1188 1834 pacem

218 1834 358 1896 tconsuli
376 1853 466 1916 opera
493 1844 658 1899 nararetur.
697 1853 766 1916 pars
790 1835 895 1911 altera,
921 1856 989 1901 cum
1018 1834 1189 1919 praesidium

247 1918 435 1991 Samnitium,
451 1921 518 2000 quia
528 1919 602 1981 nihil
616 1920 685 1982 satis
698 1924 867 2003 praeparati
883 1931 947 1984 erat
960 1922 998 1984 ad
1014 1921 1188 1985 obsidionem

245 2002 443 2076 tolerandam,
465 2022 653 2067 excessurum
673 2005 806 2085 proxima
828 2014 915 2068 nocte
933 2017 1025 2080 esset,
1045 2004 1190 2069 ennnuare

246 2087 359 2150 consuli
370 2089 439 2150 satis
450 2088 566 2160 habuit,
583 2107 641 2170 qua
652 2090 746 2151 noctis
756 2089 830 2151 hora
840 2108 955 2171 quaque
968 2099 1057 2172 porta
1071 2098 1100 2153 et
1110 2099 1190 2168 quam
1271 2087 1272 2122 ³

216 2173 274 2232 tin
285 2172 361 2235 riam
375 2190 546 2251 egressurus
559 2172 653 2236 hostis
666 2173 758 2243 loret;
780 2171 885 2247 altera,
907 2174 1013 2255 qrdbus
1028 2175 1127 2238 inritis
1144 2168 1189 2230 dt·

244 2257 349 2319 scitum
367 2256 404 2320 ad
416 2257 562 2320 Samnites
577 2266 656 2328 erat,
675 2257 779 2320 eadem
792 2267 878 2320 nocte
892 2267 1008 2337 portam
1026 2261 1115 2322 etiam
1125 2268 1189 2316 con·

244 2339 300 2402 suli
312 2350 491 2421 aperuerunt
502 2349 688 2422 armatosque
700 2342 776 2404 clam
788 2339 905 2425 [nocte]
916 2344 948 2404 in
958 2343 1066 2407 urbem
1077 2354 1190 2419 accepe-

216 2429 322 2486 trunt.
352 2427 393 2486 lta
409 2424 518 2505 duplici
534 2425 700 2506 proditione
716 2436 746 2488 et
765 2425 942 2506 praesidium
960 2427 1135 2490 Samnitium
1149 2422 1190 2482 111·

244 2509 332 2569 sessis
350 2510 428 2569 circa
442 2511 518 2571 viam
541 2507 721 2572 silvestribus
739 2510 811 2571 locis
831 2512 1005 2591 necopinato
1023 2519 1191 2593 oppressum

244 2597 303 2660 est,
319 2598 349 2652 et
365 2590 401 2653 ab
416 2591 490 2653 urbe
503 2591 591 2672 plena
605 2592 734 2655 hostium
745 2592 856 2656 clamor
870 2594 1015 2667 sublatns;
1031 2600 1190 2658 momento·

244 2689 301 2751 que
324 2675 411 2734 unius
434 2673 526 2737 horae
545 2692 648 2737 merus
675 2676 804 2750 Samnis,
830 2678 998 2741 Satricanus
1022 2688 1140 2760 captus,
1164 2678 1191 2733 ti

203 2757 344 2818 toomnia
358 2757 389 2818 in
404 2765 548 2837 potestate
562 2757 690 2822 consulis
712 2767 805 2823 eram.
837 2764 888 2842 quui
901 2764 1072 2843 quaestione
1086 2759 1189 2825 habita,
1231 2777 1234 2784 ’

243 2858 369 2922 quorum
384 2859 474 2921 opera
489 2842 615 2905 deiectio
638 2852 714 2906 esset
730 2843 821 2917 iacta,
848 2863 921 2926 quos
941 2855 1040 2910 sontes
1062 2841 1191 2925 conperit

242 2926 333 3006 ringis
344 2943 445 2988 caesos
455 2928 552 2990 securi
562 2930 722 3008 percussit,
738 2928 943 3012 praesidioque
957 2929 1052 2994 valido
1067 2926 1190 3011 inposito

202 3015 232 3069 tl
246 3027 327 3072 mma
343 3010 501 3074 Satricanis
520 3011 638 3074 ademit.
680 3011 750 3075 inde
772 3012 809 3074 ad
832 3014 1013 3096 triumphum
1033 3012 1197 3077 coense

241 3093 366 3156 Romam
378 3095 528 3176 Papirium
543 3095 700 3159 Cursorem
725 3096 872 3170 scribunt,
892 3099 943 3179 qui
962 3117 997 3160 eo
1012 3098 1088 3161 duce
1101 3097 1191 3160 Luce·

242 3179 316 3240 mam
334 3186 485 3260 receptam
502 3180 706 3261 Samnitesque
731 3180 786 3244 suh
807 3183 910 3263 iugum
933 3184 1038 3246 missos
1058 3188 1191 3244 auctores

202 3269 233 3320 1²
243 3270 320 3325 sunt.
350 3272 381 3326 et
396 3263 452 3327 luit
469 3266 513 3326 rir
532 3262 612 3327 haud
633 3264 722 3328 dubie
742 3265 848 3346 dignus
868 3268 949 3331 omui
970 3265 1076 3329 bellica
1096 3260 1189 3329 laude,

241 3363 302 3406 non
318 3349 409 3410 animi
428 3348 523 3412 solum
541 3350 657 3429 rigore,
681 3349 733 3413 sed
753 3352 841 3413 etiam
858 3351 990 3433 corporis
1014 3348 1126 3413 viribus
1144 3363 1191 3406 ex·

202 3427 361 3492 recedens.
391 3434 548 3515 praecipua
562 3433 670 3514 pedum
688 3436 847 3516 pernicitas
866 3437 976 3508 iuerat,
997 3452 1071 3517 quae
1082 3444 1191 3511 cogno·

241 3530 310 3575 men
325 3515 412 3576 etiam
426 3516 520 3588 dedit;
533 3518 734 3599 victoremque
749 3537 836 3583 cursu
858 3521 988 3583 omnium
1006 3519 1108 3582 aetatis
1123 3527 1191 3577 suae
