2575 4067
245 249 339 293 arasa
353 249 409 293 vn.
434 249 503 293 om.
523 203 680 314 18.19.[a.
697 231 889 314 cese-ess]
1008 237 1049 301 19

83 399 208 461 condita
228 405 306 469 erat,
331 398 433 476 quinto
455 398 604 460 tricesimo
619 397 708 478 quam
730 417 748 462 a
765 397 854 462 Gallis
875 401 1048 481 reciperata,

10 529 12 556 2
83 482 187 545 ablato
206 491 273 562 post
287 482 477 544 undecimum
492 500 603 545 annum
619 502 636 544 a
650 481 737 562 plebe
759 482 912 547 consulatu
932 486 1049 566 patricii

10 561 12 628 ὲ
82 565 225 628 consules
239 565 325 627 ambo
343 584 380 627 ex
394 567 566 644 interregno
577 568 753 646 magistrum
769 568 878 641 iniere,
902 569 932 631 C.
951 568 1048 650 Sulpi·

10 659 11 686 ³
81 652 150 712 cius
167 650 284 711 Peticus
305 652 425 711 tertium
446 650 485 712 Μ.
501 650 634 711 Valerius
648 649 808 712 Publicola.
837 651 994 733 Empulum
1012 662 1080 714 eoi

81 752 165 796 anno
188 752 225 794 ex
244 733 416 795 Tiburtibus
435 733 514 796 haud
531 734 725 796 memorando
746 738 907 797 certamine
920 744 1048 816 captum,

10 863 11 870 .
80 819 148 880 sive
164 817 291 878 duorum
309 817 464 880 consilum
479 819 609 898 auspicio
623 817 733 880 bellum
748 818 790 879 ibi
803 823 918 899 gestum
933 828 993 891 est,
1018 827 1051 882 ut

10 909 11 936 ³
79 902 235 981 scripsere
253 901 384 981 quidam,
409 920 462 963 seu
482 920 537 982 per
557 900 638 964 ldem
661 910 777 983 tempus
791 903 1049 985 Tarquiniensium

80 1003 204 1066 quoque
215 993 284 1047 sunt
296 987 398 1048 vastati
412 986 476 1065 agri
492 985 529 1047 ab
544 985 673 1066 Sulpicio
688 985 823 1057 consule,
846 1006 904 1068 quo
917 987 1050 1049 Valerius

82 1069 228 1132 adversus
243 1068 382 1131 Tiburtes
403 1068 535 1149 legiones
557 1069 648 1132 duxlt.
683 1070 768 1132 Demi
788 1072 882 1133 maius
898 1079 1082 1135 sentement

81 1150 257 1215 oonsulibus
272 1172 339 1215 cum
349 1152 436 1233 plebe
451 1170 485 1215 ac
499 1153 626 1216 tribunis
640 1161 715 1216 orat
740 1154 807 1215 fidei
819 1156 876 1217 iam
888 1173 974 1226 suae,
989 1174 1049 1218 non

82 1237 183 1299 solum
198 1237 314 1299 virtutis
329 1236 476 1300 ducebant
491 1255 569 1307 esse,
591 1246 625 1299 ut
649 1239 832 1318 accepissent
857 1239 915 1301 dno
932 1241 1048 1319 patricii

81 1319 286 1393 consulatum,
302 1322 342 1383 ita
353 1320 497 1384 ambobus
510 1322 643 1402 patriciis
657 1322 813 1383 mandare:
833 1324 905 1403 quin
921 1333 972 1386 eut
987 1331 1080 1386 totos

80 1404 253 1467 cedendum
273 1423 351 1476 esse,
380 1407 406 1466 si
427 1402 559 1486 plebeius
581 1406 640 1467 iam
667 1407 854 1484 magistratus
880 1407 1048 1470 consuletis

79 1491 149 1561 ilat,
164 1497 214 1550 aut
225 1495 319 1551 toturn
330 1487 555 1570 possidendum,
572 1508 660 1569 quam
672 1491 888 1570 possessionem
902 1493 1049 1571 integram

81 1593 98 1637 a
118 1571 253 1653 patribus
270 1574 462 1653 accepissent.
498 1571 601 1651 plebes
617 1580 722 1635 contra
736 1573 849 1636 lremit:
874 1576 945 1656 quid
959 1594 992 1638 se
1005 1578 1080 1637 vio

82 1674 170 1729 rere,
189 1657 259 1737 quid
273 1658 304 1718 in
317 1664 402 1737 parte
417 1657 523 1717 civium
544 1657 678 1726 censeri,
700 1658 739 1729 si,
760 1657 840 1739 quod
854 1658 979 1722 duorum
994 1659 1048 1721 bo·

80 1742 201 1804 minum
221 1742 341 1812 virturis,
366 1741 399 1803 L.
418 1741 499 1802 Sexti
518 1758 552 1802 ac
567 1741 599 1803 C.
613 1740 723 1813 Licini,
745 1751 863 1821 partum
877 1745 928 1814 sit,
950 1743 980 1805 id
995 1743 1048 1805 ob·

80 1826 183 1886 tinere
199 1825 327 1886 universi
338 1842 399 1886 non
414 1824 547 1904 possint?
574 1822 621 1886 rei
634 1842 721 1904 reges
738 1824 783 1886 rel
802 1824 984 1889 decemviros
1002 1825 1078 1893 velt

80 1911 110 1972 si
125 1908 205 1989 quod
219 1910 332 1970 tristius
348 1909 386 1970 sit
398 1908 517 1989 imperii
527 1926 641 1970 nomen
662 1908 835 1990 patiendum
854 1928 920 1973 esse
939 1914 1047 1993 potius,

80 2011 175 2074 quam
191 1992 295 2054 ambos
309 1994 450 2073 patricios
470 1992 606 2055 consules
626 1993 760 2064 videant,
783 2011 841 2055 nec
853 1994 979 2057 invicem
995 2014 1046 2077 pa·
1062 2003 1079 2057 t

10 2119 12 2126 ,
80 2085 186 2140 rentur
200 2085 287 2157 atque
299 2078 478 2158 imperetur,
495 2078 547 2138 sed
560 2094 631 2157 pars
642 2077 734 2140 altera
745 2079 776 2139 in
788 2086 909 2141 aeterno
923 2080 1047 2161 imperio

81 2161 180 2222 locata
196 2159 314 2240 plebem
329 2178 474 2241 nusquam
496 2158 670 2222 alienatam
693 2179 782 2240 qnam
803 2163 840 2223 ad
860 2162 1047 2225 serviendum

82 2253 178 2326 putet.
206 2262 267 2306 non
288 2244 395 2307 desunt
415 2242 528 2306 tribum
548 2251 685 2305 auctores
706 2243 875 2315 turbarum,
898 2246 951 2306 sed
970 2247 1082 2308 intorti

82 2329 248 2391 concitatos
264 2347 368 2410 perse
388 2346 492 2390 omnes
513 2327 561 2389 vix
581 2326 672 2388 duces
695 2327 835 2388 eminent
873 2326 1081 2409 aliquotienso

82 2413 196 2475 trustra
210 2414 242 2474 in
257 2431 393 2493 campum
409 2411 584 2474 descensum
595 2429 662 2473 eum
673 2418 766 2481 esset,
780 2408 923 2493 multique
936 2431 991 2493 per
1001 2430 1048 2475 se-

83 2497 213 2559 ditiones
229 2498 286 2558 ecti
299 2498 462 2559 comitiales
473 2497 545 2566 dies,
562 2496 712 2576 postremo
724 2498 816 2558 victae
829 2498 1048 2577 perseverantia

83 2581 241 2642 consulum
256 2581 351 2661 piebis
387 2599 423 2641 eo
438 2579 523 2642 dolor
537 2581 643 2662 erupit,
659 2588 692 2642 ut
704 2578 854 2653 tribunos,
869 2589 968 2644 actum
983 2601 1049 2645 esse

84 2664 122 2726 de
145 2663 282 2727 libertate
301 2664 497 2726 vociferantes
517 2664 802 2744 relinquendumque
827 2683 887 2727 non
911 2685 1047 2748 campum

83 2750 145 2810 iam
166 2749 275 2820 solum,
307 2748 470 2811 sedetiam
500 2748 605 2810 urbem
628 2757 744 2830 captam
766 2755 855 2829 atque
875 2769 1048 2832 oppressam

83 2850 179 2910 regno
200 2834 409 2914 patriciorum,
433 2842 545 2894 maesta
563 2831 649 2913 plebs
688 2842 870 2912 sequeretur.
911 2833 1045 2897 consules
1061 2839 1092 2892 io

10 2985 11 2992 ἵ
86 2915 184 2976 relicti
205 2936 222 2979 a
243 2923 329 2997 parte
356 2916 458 2997 populi
484 2935 538 2998 per
564 2916 793 2996 infrequentiam
814 2919 932 2979 comitia
954 2917 1046 2979 nihilo

85 3000 206 3077 segnius
223 3002 392 3081 perficiunt.
426 3002 518 3063 creati
533 2999 671 3062 consules
686 2997 773 3060 ambo
789 3002 919 3080 patricii,
934 3001 972 3061 id.
990 3001 1046 3062 Fa·

84 3082 151 3145 bins
165 3085 325 3147 Ambustus
341 3086 463 3146 tertium
479 3084 514 3146 T.
530 3085 692 3158 Quinctius
721 3085 752 3145 in
767 3083 941 3163 quibusdam
956 3102 1050 3145 anna-

84 3165 163 3230 libus
177 3188 233 3250 pro
250 3169 286 3237 T.
305 3169 441 3241 Qtrinetio
459 3169 497 3230 Μ.
514 3168 660 3250 Popilium
675 3166 826 3231 consulem
840 3170 967 3230 invenio.

146 3252 224 3314 XIX.
253 3253 317 3314 Duo
331 3252 409 3315 bella
426 3271 461 3313 eo
476 3271 554 3314 anno
565 3270 708 3334 prospere
723 3263 814 3330 gesta.
845 3266 910 3313 cum
917 3250 1073 3314 Tiburti-l

85 3335 141 3398 bus
159 3355 253 3417 usque
269 3336 307 3399 ad
323 3337 503 3399 deditionem
523 3344 700 3416 pugnatum:
722 3335 839 3398 Sassula
859 3354 895 3397 ex
916 3336 961 3397 bis
975 3338 1048 3399 urbs

87 3429 186 3501 capta,
204 3430 361 3502 ceteraque
380 3421 487 3502 oppida
502 3419 627 3482 eandem
640 3420 789 3483 fortunam
809 3419 993 3502 habuissent,
1019 3423 1051 3483 ni

88 3506 226 3568 universa
252 3522 327 3585 gens
346 3508 448 3586 positis
471 3505 562 3568 armis
588 3506 620 3566 in
644 3503 732 3565 iidem
758 3505 886 3569 consulis
910 3508 1050 3571 venisset.

801 3594 844 3654 ᾖ*
