2575 4067
264 248 360 292 nmaa
374 251 404 291 x.
420 247 489 292 oar.
504 238 530 290 o.
544 234 569 288 d.
586 225 626 309 [a.
643 229 679 292 0.
696 235 756 291 802.
771 228 857 310 (θοι.)
874 227 936 312 300]
1023 235 1084 300 loa

108 398 225 458 iterum
255 394 449 456 Etruseorum
474 396 567 465 vires3
597 403 627 456 et
649 402 735 476 pacto
762 412 860 457 annuo
884 397 1031 478 stipendio
1054 405 1083 460 et

109 480 205 541 duum
230 495 371 539 mensum
390 478 539 540 lrumento
560 480 737 559 permissum
753 477 790 541 ab
811 477 970 551 dictatore,
992 490 1025 544 ut
1044 481 1082 544 de

106 580 183 643 paee
195 561 319 642 legatos
329 563 481 623 mitterent
490 560 621 634 Romam,
652 581 710 643 par
721 569 840 642 negata:
856 562 986 627 indutiae
996 564 1080 627 blen-

106 647 149 708 nil
174 645 282 707 datae.
320 644 446 707 dictator
467 646 652 725 triumphans
673 647 703 707 in
726 645 832 707 urbem
852 645 949 709 rediit
984 648 1080 711 babeo
1092 659 1124 711 tt

107 738 260 791 auctores
279 729 344 789 sine
364 727 424 790 ullo
440 728 624 791 memorabili
648 726 762 810 proelio
783 737 916 810 pacatam
934 728 972 792 ab
989 730 1081 794 diota·

107 820 175 874 tore
192 812 352 874 Etruriam
367 829 432 873 esse
455 812 647 874 seditionibus
664 820 776 875 tantum
791 813 995 876 Arretinorum
1009 833 1080 877 con·

106 897 219 975 positis
247 903 277 956 et
298 895 392 959 ctinlo
417 913 526 974 genere
546 914 614 957 cum
638 894 725 976 plebe
745 898 777 958 in
801 898 924 975 gratiam
947 899 1078 961 reducto.

107 980 218 1042 consul
248 997 285 1041 ox
310 979 454 1041 dictatura
480 978 575 1042 factus
595 980 633 1041 bl.
654 978 795 1041 Valerium.
843 998 904 1042 non
927 988 1076 1062 petentem
1089 988 1121 1041 tt

108 1070 202 1143 etque
220 1062 299 1126 adeo
313 1063 401 1124 etlam
415 1061 566 1125 absentem
581 1069 713 1125 creatum
728 1062 877 1126 tradidere
894 1065 1027 1144 quidam,
1050 1074 1080 1127 et

4 1189 5 1222 ,
107 1164 163 1224 per
179 1148 370 1225 interregem
384 1164 418 1208 ea
433 1148 551 1208 comitia
569 1146 654 1208 iacta.
687 1145 719 1207 id
732 1164 824 1208 unum
839 1165 899 1209 non
910 1147 1077 1229 ambigitur,

4 1225 5 1254 ³
106 1229 305 1293 consulatum
320 1247 387 1290 cum
399 1228 522 1310 Apuleio
537 1229 631 1292 Pausa
648 1230 781 1309 gessisse.

176 1313 230 1376 Vl.
262 1313 301 1375 bl.
316 1311 431 1374 Valerio
455 1321 484 1374 et
507 1313 541 1385 Q.
565 1312 687 1393 Apuleio
710 1312 877 1375 consulibus
899 1315 969 1375 satis
992 1322 1105 1396 paca-t

107 1405 157 1457 tae
182 1397 263 1458 ioris
278 1414 327 1457 res
341 1396 438 1457 luere:
455 1396 609 1458 Etruscum
625 1396 747 1459 adversa
761 1395 830 1459 belli
844 1414 893 1460 res
904 1404 933 1459 et
947 1397 1106 1461 indutiaet

108 1482 252 1559 quietum
267 1479 421 1550 tenebant,
436 1480 597 1543 Samnitem
610 1478 769 1542 multorum
785 1499 930 1543 annorum
946 1480 1077 1544 cladibus

109 1561 264 1626 domitum
279 1562 429 1625 hauddum
440 1563 578 1625 -roedens
592 1566 660 1626 novi
673 1564 850 1645 paenitebat.
878 1566 990 1628 Romae
1004 1572 1105 1647 quo-t

108 1646 467 1809 inutilitatis
492 1648 1076 1814 traiilttiulsiitiinitit

111 1821 233 1886 essent,
256 1821 406 1876 certamen
419 1815 560 1875 iniectum
574 1815 653 1876 inter
666 1818 812 1894 primores
826 1818 961 1888 civitatis,
984 1820 1075 1899 patri·

112 1898 176 1958 cios
198 1895 404 1977 plebeiosque,
430 1895 467 1957 ab
492 1895 619 1958 tribunis
640 1897 735 1976 plebis
755 1899 789 1971 Q.
811 1908 841 1961 et
859 1899 912 1962 Cn.
934 1899 1074 1979 Ogulniis,

114 1982 168 2059 qul
183 1980 316 2060 undique
332 1978 582 2042 criminandorum
597 1989 715 2059 patrum
725 1981 802 2061 apud
817 1980 933 2060 plebem
945 1985 1103 2047 occasio-t

111 2062 205 2126 uibus
217 2065 369 2143 quaesitis,
385 2069 539 2143 postquam
553 2061 609 2123 alia
619 2062 729 2124 irustra
744 2070 883 2143 temptata
896 2074 993 2135 erant,
1009 2085 1073 2128 eam

4 2193 5 2226 ἶ
113 2149 264 2210 actionem
279 2153 485 2227 susceperunt,
501 2164 558 2225 qua
574 2162 635 2207 non
652 2146 782 2205 infimam
797 2144 914 2223 plebem
931 2148 1072 2209 accende·

4 2231 5 2234 ’
113 2239 199 2303 rent,
224 2230 276 2291 sed
298 2232 360 2308 ipsa
386 2231 480 2310 capita
502 2228 612 2309 plebis,
638 2225 809 2289 consuleret
823 2227 1073 2309 triumphalesque

114 2312 265 2390 plebeios,
281 2331 406 2392 quorum
421 2311 584 2374 honoribus
595 2310 668 2372 nibil
680 2310 983 2391 praetersaeerdotia,
999 2321 1102 2392 quaeo

115 2397 536 2477 noudumpromiscuaerant,
552 2396 696 2457 deessent.
731 2396 913 2474 rogationem
925 2412 995 2474 ergo
1006 2404 1104 2476 pro-o

115 2480 303 2559 mulgarunt,
318 2488 364 2552 ut,
381 2499 448 2541 cum
463 2487 599 2561 quattuor
613 2496 753 2559 augures,
771 2485 907 2558 quattuor
921 2479 1072 2560 pontifices

116 2579 150 2623 ea
164 2570 339 2644 tempestate
354 2571 464 2633 essent,
486 2563 674 2644 placeretque
694 2563 796 2643 augeri
814 2564 999 2626 sacerdotum
1016 2581 1071 2625 nu·

114 2663 248 2717 merum,
272 2655 409 2727 quattuor
429 2648 596 2727 pontifices,
618 2649 748 2729 quinque
769 2665 910 2727 augures,
932 2648 969 2709 de
985 2647 1071 2728 plebe

115 2746 235 2803 omnes,
258 2730 476 2809 adlegerentur.
502 2731 749 2812 quemadmodum
768 2732 805 2792 ad
822 2737 962 2813 quattuor
980 2740 1100 2811 argu-7

115 2828 183 2876 rum
203 2832 375 2885 numerum,
397 2815 454 2875 nisi
477 2821 572 2875 morte
593 2812 733 2884 duorum,
753 2814 785 2874 id
804 2815 899 2894 redigi
914 2813 1071 2894 collegium

114 2898 259 2976 potuerit,
275 2916 335 2958 non
350 2898 481 2971 invenio,
498 2916 564 2959 cum
582 2898 660 2958 inter
672 2913 798 2973 augures
810 2904 924 2958 constet
937 2898 1071 2974 inparem

115 2997 272 3042 numerum
287 2980 397 3042 debere
420 2998 498 3053 esse,
524 2988 557 3042 ut
578 2988 638 3042 tres
659 2980 796 3059 antiquae
816 2978 921 3048 tribus,
944 2977 1073 3039 Ramnes

115 3062 260 3126 Titienses
274 3064 417 3136 Luceres,
444 3081 528 3126 suum
544 3082 677 3144 quaeque
691 3079 832 3142 augurem
850 3061 991 3131 habeant,
1013 3066 1100 3131 aute

115 3149 140 3208 si
152 3147 286 3226 pluribus
301 3151 339 3210 sit
351 3166 438 3228 opus,
454 3148 519 3227 pari
535 3148 613 3209 inter
628 3166 660 3209 se
675 3164 799 3208 numero
814 3144 981 3207 sacerdotes
995 3143 1070 3205 mul·

116 3229 262 3310 tipllcent,
278 3234 355 3294 sicut
367 3229 550 3310 multiplicati
563 3239 648 3301 sunt,
663 3248 729 3291 cum
744 3229 781 3290 ad
795 3236 932 3309 quattuor
943 3228 1072 3308 quinque

116 3314 222 3377 adiecti
237 3334 342 3378 novem
358 3317 533 3384 numerum,
551 3321 584 3374 ut
602 3314 681 3374 terni
694 3313 724 3372 ln
740 3310 868 3391 singulas
883 3317 998 3383 essent,
1022 3328 1071 3372 ex·

116 3397 278 3476 ploverunt.
317 3407 463 3471 ceterum,
493 3397 560 3478 qula
581 3396 618 3457 de
637 3394 724 3478 plebe
743 3394 970 3476 adlegebantur,
990 3395 1098 3457 iuxtao

117 3497 180 3544 eam
195 3501 260 3545 rem
282 3500 370 3562 aegre
389 3485 469 3560 passi
491 3489 603 3563 patres,
625 3499 713 3562 quam
725 3498 792 3545 cum
807 3478 990 3545 consulatum
1010 3478 1070 3542 rul-
