2575 4067
266 229 328 292 104
446 238 540 282 omns
553 238 601 282 rx.
613 203 686 280 ¹oar».
703 224 745 276 10.
766 225 807 276 11.
823 215 863 299 [a.
877 240 909 281 u.
923 239 950 281 o.
966 215 1027 299 aaa]

234 395 252 447 5
264 384 372 468 populo
383 385 514 447 Romano
530 384 610 447 dare.
636 402 718 445 arma
734 386 830 446 cuncti
844 391 977 464 spectant
990 391 1020 445 et
1033 380 1160 446 bellum:
1174 403 1211 448 en

264 487 403 549 umquam
416 469 555 538 futurum,
567 476 600 529 ut
609 466 748 545 congredi
761 469 878 528 armatis
889 486 954 530 cum
966 467 1096 529 Samnite
1109 466 1212 531 liceaii

236 559 254 613 6
326 553 360 614 ln
375 553 488 613 civitate
503 553 547 611 ira
562 552 686 630 odioque
702 550 825 611 ardente
840 549 962 612 dilectus
975 568 1068 632 prope
1080 552 1211 613 omnium
1281 563 1282 634 i

264 634 493 698 voluntariorum
513 634 576 696 luit
611 633 770 712 rescriptae
787 652 822 693 ex
837 632 939 695 eodem
956 632 1047 696 milite
1064 651 1156 694 novae
1170 632 1212 695 le·
1281 647 1282 684 i

236 720 378 798 agiones,
396 717 556 795 ductusque
570 716 606 779 ad
618 714 758 779 Gaudium
772 718 925 779 exercitus.
950 717 1115 796 praegressi
1129 716 1212 778 letia-
1281 729 1282 790 ᾗ

264 801 307 862 les
318 800 369 862 uhi
382 799 419 860 ad
428 807 544 878 portam
554 817 669 870 venere,
684 807 796 860 restem
806 799 920 861 detrahi
928 800 1009 880 pacis
1023 798 1213 879 sponsoribus
1281 819 1282 878 j

263 883 378 954 iubent,
393 899 496 943 manus
516 890 583 960 post
599 890 715 960 tergum
734 883 846 942 vinciri.
879 900 946 944 cum
967 885 1115 964 apparitor
1130 900 1212 943 vere·
1281 949 1282 952 Ἴ

253 963 371 1029 'cunda
383 966 542 1028 malestatis
555 964 686 1026 Postumi
701 964 765 1026 laxe
776 966 912 1026 vinciret:
928 967 1025 1046 „quin
1044 966 1104 1026 tu“
1118 966 1212 1044 inquit

235 1055 283 1121 8„
290 1049 411 1112 adducis
426 1045 537 1116 lorum,
551 1053 584 1110 ut
596 1048 671 1111 iusta
687 1047 737 1107 fiat
752 1047 878 1108 deditio?
904 1056 966 1109 tum
981 1047 1033 1110 ubi
1051 1050 1083 1109 in
1097 1057 1214 1112 coetum

265 1132 440 1196 Samnitium
457 1129 537 1192 etad
552 1128 680 1192 tribunal
695 1136 811 1191 ventum
826 1130 923 1191 Pontii
936 1139 993 1202 est,
1012 1132 1046 1193 Α.
1061 1130 1212 1194 Cornelius
1281 1207 1282 1212 γ

235 1215 369 1275 tirrina
383 1213 491 1278 fetialis
504 1214 545 1273 ita
555 1212 644 1274 verba
654 1212 739 1273 fecit:
762 1213 964 1293 „quandoque
981 1214 1062 1274 hisce
1079 1213 1213 1275 homines
1281 1217 1282 1282 ἶ

262 1298 374 1359 iniussu
389 1296 491 1377 populi
500 1296 624 1360 Romani
635 1294 792 1367 Quiritium
812 1295 914 1358 foedus
927 1297 1019 1357 lotum
1035 1298 1073 1357 iri
1086 1314 1213 1377 spopon·
1281 1305 1282 1312 ’

263 1380 369 1441 derunt
384 1388 470 1459 atque
482 1377 520 1438 ol)
535 1396 600 1440 eam
613 1396 677 1438 rem
695 1395 801 1440 noxam
815 1388 991 1450 nocuerunt,
1007 1378 1044 1440 ob
1060 1397 1124 1442 eam
1139 1397 1213 1448 rem,

264 1479 321 1541 quo
333 1460 613 1541 populusRomanus
624 1459 738 1521 scelere
748 1459 828 1538 inpio
839 1462 877 1522 sit
887 1459 1006 1533 solutus,
1018 1461 1107 1523 hosce
1119 1462 1214 1524 homi·

224 1550 255 1603 10
264 1562 317 1606 nes
330 1543 414 1606 vobis
424 1543 531 1604 dedo.“
555 1543 628 1604 haec
639 1543 749 1604 dicenti
760 1541 1214 1622 fetialiPostumiusgennfemur

264 1634 371 1703 quanta
382 1627 507 1688 maxime
513 1632 628 1704 poterat
637 1626 666 1685 vi
680 1624 813 1703 perculit,
829 1631 859 1685 et
870 1623 949 1687 clara
963 1628 1081 1687 voceait
1091 1627 1214 1688 seSam·

263 1710 533 1778 nitemcivemesse,
542 1707 624 1771 illum
632 1706 762 1785 legatum
772 1706 967 1770 fetialemase
977 1718 1079 1770 contra
1089 1710 1214 1786 iusgen·

237 1789 910 1867 1tiumriolaturn:eoiustiushellumgesturos.
932 1791 981 1852 XI.
997 1791 1214 1854 TumPontius:
1281 1817 1282 1862 i

260 1891 344 1950 „nec
360 1892 414 1951 ego
427 1875 513 1936 letam
530 1871 708 1934 deditionem
726 1874 865 1952 accipiam
874 1881 892 1906 ‘⁴
904 1874 1012 1953 inquit,
1032 1892 1115 1946 „nec
1131 1875 1213 1935 Sam·

235 1958 338 2016 anites
355 1964 449 2021 ratam
459 1955 617 2018 habebunt.
639 1958 710 2036 quin
725 1963 765 2026 tu,
778 1956 865 2035 Spuri
878 1955 1016 2027 Postumi,
1028 1957 1054 2018 si
1064 1954 1137 2018 deos
1149 1974 1215 2017 esse

263 2056 374 2111 censes,
389 2047 440 2106 aut
454 2040 550 2100 omnir
566 2041 653 2101 inrita
668 2040 739 2100 iacis
756 2048 806 2099 aut
818 2045 903 2116 pacto
918 2040 995 2100 stasi
1022 2039 1145 2101 Samniti
1158 2057 1214 2119 po·
1281 2047 1282 2090 i

191 2189 193 2192 ,
262 2121 1214 2202 puloomnes,quosinpotestatehabuit,autproiispaxdebetnr.
1281 2153 1282 2190 i

235 2211 252 2262 t
264 2206 391 2286 sedquld
399 2224 453 2284 ego
464 2213 493 2268 te
501 2205 623 2286 appello,
639 2207 689 2285 qui
703 2212 731 2267 te
740 2213 857 2284 captum
870 2205 973 2266 victori
984 2223 1051 2266 cum
1062 2222 1118 2284 qua
1128 2212 1216 2283 potes

262 2290 319 2350 lide
332 2290 480 2352 restituis?
493 2287 633 2369 populum
649 2288 815 2350 Romanum
834 2286 963 2367 appello,
980 2306 1067 2369 quem
1082 2288 1109 2347 si
1124 2306 1214 2366 spon·
1281 2283 1282 2300 ²

263 2374 353 2433 sionis
369 2373 406 2434 ad
431 2372 559 2433 furculas
575 2371 717 2435 Caudinas
737 2371 830 2431 iactae
853 2372 996 2448 paenitet,
1021 2371 1156 2431 restituat
1170 2369 1214 2430 le·

235 2456 364 2531 ⁴lgiones
378 2456 456 2516 intra
467 2453 580 2525 saltum,
596 2461 781 2533 quosaeptae
792 2452 920 2513 luerunt.
943 2470 1215 2532 nemoquemquam

263 2535 425 2613 deceperit,
438 2538 534 2597 omnia
542 2555 597 2614 pro
608 2536 717 2598 iniecto
729 2537 801 2605 sint,
813 2536 957 2615 recipiant
971 2553 1060 2606 arma,
1072 2553 1147 2615 quae
1159 2553 1215 2615 per

261 2619 428 2693 pactionem
446 2618 644 2688 tradiderunt,
671 2618 794 2681 redeant
813 2620 846 2680 in
871 2627 966 2684 castra
982 2638 1049 2690 sua,
1070 2618 1215 2698 quidquid

262 2697 357 2775 pridie
372 2698 552 2770 habuerunt,
568 2719 655 2780 quam
665 2702 697 2761 in
713 2700 898 2781 conloquium
914 2711 958 2763 est
971 2710 1105 2772 ventum,
1122 2701 1214 2762 habe·

263 2786 326 2841 ant:
347 2788 409 2842 tum
431 2781 539 2843 bellum
557 2792 586 2845 et
606 2784 693 2845 tortia
711 2785 829 2846 consilia
846 2785 995 2865 placeant,
1016 2793 1077 2846 tum
1092 2787 1213 2864 sponsio

235 2870 293 2925 det
304 2882 362 2943 pax
376 2866 555 2944 repudietur.
589 2885 624 2929 ea
640 2869 772 2940 fortuna,
796 2870 832 2928 iis
848 2867 934 2939 locis,
956 2887 1030 2948 quae
1047 2875 1115 2928 ante
1131 2869 1214 2947 pacis

262 2950 442 3012 mentionem
459 2947 628 3021 habuimus,
651 2970 788 3030 geramus
802 2949 926 3021 bellum,
942 2969 997 3012 nec
1013 2950 1137 3031 populus
1153 2950 1213 3011 Ro·

262 3049 366 3094 manns
389 3033 541 3096 consulum
566 3037 754 3114 sponsionem
775 3053 830 3098 nec
850 3052 904 3095 nos
925 3034 1012 3096 iidem
1032 3033 1132 3113 popuii
1153 3033 1213 3094 Ro·

232 3119 340 3177 omani
351 3134 530 3180 accusemus.
554 3135 753 3199 numquamne
767 3136 853 3180 causa
867 3118 967 3189 defiet,
984 3135 1037 3179 cur
1048 3118 1116 3179 victi
1125 3124 1213 3196 pacto

262 3215 322 3259 non
339 3200 440 3262 stetisi
454 3200 570 3264 obsides
581 3202 744 3263 Porsinnae
760 3202 893 3264 dedistis:
910 3200 989 3262 furto
1006 3218 1057 3262 eos
1071 3199 1213 3261 srrbduxi·

233 3282 328 3352 tetis:
352 3300 424 3343 auro
436 3285 581 3348 civitatem
595 3304 610 3346 a
624 3284 714 3349 Gallis
726 3285 902 3347 redemistis:
918 3284 996 3344 inter
1008 3282 1213 3362 accipiendum

263 3381 367 3426 aurum
382 3370 460 3427 caesi
474 3378 555 3439 sunt;
570 3388 675 3449 pacem
687 3367 839 3429 nobIscum
852 3366 1020 3447 pepigistis,
1035 3373 1068 3427 ut
1078 3364 1213 3445 legiones

263 3442 344 3507 vanu
367 3456 465 3525 captas
485 3454 721 3514 restitueremus:
749 3468 813 3512 eam
834 3466 937 3529 pacem
965 3450 1083 3509 inritam
1105 3449 1212 3509 facitis.
