2575 4067
233 226 275 288 20
385 237 541 282 nrnssvn.
562 235 631 279 oar.
650 224 693 281 19,
708 222 752 278 20.
769 215 808 297 [a.
820 237 851 277 u.
867 236 893 278 o.
905 222 967 277 400.
979 213 1042 295 401]

202 386 446 466 autumpnatem
463 383 499 446 de
515 381 705 455 Tiburtibus,
727 381 856 463 alioquin
876 381 957 443 mitis
983 382 1105 443 vletoria
1127 382 1195 446 luit

234 473 265 534 in
286 470 514 550 Tarquinienses
535 466 641 530 acerbe
663 468 821 530 saevitum:
844 464 943 527 multis
966 465 1140 527 mortalibus
1164 468 1196 529 in

235 556 297 618 acie
315 554 407 616 caesis
422 571 458 614 ex
478 554 592 631 ingenti
614 554 796 633 capdrorum
818 568 942 612 numero
963 551 1089 612 trecenti
1109 552 1197 630 quin·

235 640 373 720 quaginta
388 646 455 699 octo
475 635 597 708 deiecti,
614 634 813 697 nobilissimus
835 636 972 715 quisque,
997 635 1048 713 qul
1069 633 1197 696 ilomam

203 732 220 785 3
235 725 437 791 mitterentur3
452 720 554 801 volgus
570 719 648 782 aliud
662 719 848 781 trucidatum.
879 737 933 780 neo
949 718 1074 800 populus
1088 720 1194 790 ineos,

235 809 285 887 qui
301 808 385 868 missi
399 805 522 867 Romam
538 812 631 875 erant,
647 804 747 867 mitior
762 803 830 865 luit:
859 801 956 864 medio
968 802 1075 864 iniero
1090 820 1198 864 omues

234 892 323 970 virgis
339 891 416 952 eaesi
433 907 467 951 ac
488 890 586 951 securi
605 888 746 968 percussi.
778 886 808 947 id
822 904 877 967 pro
897 884 1054 949 immolatis
1075 889 1107 948 in
1129 887 1196 950 loro

202 985 219 1035 t
234 973 523 1055 Tarquininiensium
533 971 674 1033 ilomauis
689 988 801 1051 poenae
816 970 950 1032 hostibus
960 970 1120 1034 redditum.
1146 989 1196 1033 res

234 1058 311 1121 beiio
328 1056 404 1119 bene
416 1065 531 1135 gestae,
547 1064 580 1118 ut
590 1055 737 1117 Samnites
749 1071 866 1135 quoque
881 1053 1038 1117 amicitiam
1048 1062 1194 1135 peterent

235 1141 406 1203 eiiecerunt.
437 1140 541 1220 legatis
565 1157 669 1201 eorum
687 1141 811 1201 comiter
832 1137 868 1199 ab
882 1146 985 1199 senatu
1002 1157 1193 1219 responsum:

203 1234 219 1286 n
235 1225 354 1287 loedere
368 1226 400 1287 in
414 1226 583 1287 societatem
603 1225 725 1303 accepti.
757 1222 823 1286 Nou
837 1223 940 1284 eadem
953 1222 1033 1283 domi
1048 1241 1123 1303 quae
1138 1225 1195 1284 mi·

234 1309 313 1372 litiae
329 1310 448 1372 fortuna
462 1318 526 1371 erat
540 1307 620 1389 plebi
634 1307 793 1369 Romanae.
825 1325 895 1368 nam
909 1307 964 1369 etsi
986 1307 1118 1369 unciario
1133 1306 1194 1369 iae·

235 1412 308 1455 nore
321 1393 398 1456 lacto
414 1392 507 1454 levata
527 1410 618 1454 usura
640 1399 716 1462 erat,
741 1398 820 1452 sorte
842 1392 905 1470 ipsa
926 1390 1127 1453 obruebantur
1148 1391 1195 1453 lu·

234 1496 306 1560 opes
321 1494 488 1555 nexumque
507 1475 637 1537 inIbant:
665 1494 701 1536 eo
719 1492 775 1537 neo
790 1475 931 1555 patricios
954 1474 1041 1536 ambo
1059 1473 1196 1537 consules

235 1578 331 1640 neque
353 1560 539 1621 comitiorum
560 1577 661 1620 curam
682 1557 835 1639 publicave
863 1557 958 1621 studia
983 1576 1054 1639 prae
1074 1560 1195 1641 privatis

201 1654 219 1706 o
234 1642 429 1705 incommodis
441 1641 524 1723 plebs
536 1642 572 1704 ad
584 1644 714 1705 animum
731 1641 911 1704 admittebat.
934 1641 1102 1704 consulatus
1112 1651 1194 1705 uter-

233 1744 291 1808 que
307 1726 385 1807 apud
400 1728 539 1806 patricios
552 1734 667 1797 manet;
686 1723 822 1789 eonsules
833 1726 925 1788 creati
936 1726 966 1788 C.
980 1724 1127 1805 Sulpicius
1138 1727 1193 1788 Pe·

234 1813 310 1873 tieus
325 1819 461 1891 quartum
475 1811 513 1873 ii.
528 1809 660 1873 Valerius
674 1808 827 1871 Publicola
841 1809 959 1871 iterum.

295 1894 330 1955 iu
341 1893 450 1956 beilum
466 1893 621 1956 Etruscum
634 1895 777 1956 intentam
789 1895 951 1969 civitatem,
966 1894 1035 1974 qula
1048 1894 1193 1957 Caeritem

233 1976 374 2059 populum
385 1977 585 2039 misericordia
596 1978 860 2056 ‚consanguinitatis
866 1977 1128 2059 Tarquiniensibus
1141 1979 1189 2041 ad·

232 2063 365 2123 iunctum
381 2061 458 2122 lama
473 2060 602 2132 terebat,
617 2059 707 2141 iegati
717 2061 813 2123 Latini
828 2061 865 2124 ad
876 2061 995 2125 Volscos
1009 2063 1192 2135 convertere,

234 2145 401 2208 nuntiantes
422 2146 583 2207 exereitum
610 2146 810 2227 conscriptum
830 2157 1034 2227 armatumque
1054 2147 1113 2208 iam
1132 2148 1193 2209 suis

233 2228 339 2291 linibus
361 2230 520 2302 inminere,
539 2229 608 2293 inde
622 2229 845 2312 populabundos
864 2231 896 2291 in
910 2248 1013 2310 agrum
1027 2230 1193 2293 Romanum

200 2319 215 2369 7
231 2324 369 2377 venturos
381 2332 455 2376 esse.
481 2316 596 2377 censuit
606 2316 820 2393 igitursenatus
831 2321 966 2376 neutram
979 2314 1193 2394 neglegendam

233 2416 297 2460 rem
312 2416 391 2467 esse;
407 2406 533 2478 utroque
544 2397 676 2478 legiones
691 2397 784 2458 scribi
798 2397 991 2480 consulesque
1007 2400 1108 2461 sortiri
1122 2417 1192 2478 pro·

200 2484 217 2535 s
232 2483 341 2543 vineias
356 2482 448 2541 iussit.
471 2479 622 2543 inclinarit
631 2479 737 2542 deinde
752 2499 821 2561 pars
835 2484 928 2544 maior
943 2499 1031 2545 curae
1043 2484 1075 2543 iu
1089 2483 1191 2544 Etrus·

232 2582 299 2624 cum
314 2562 439 2632 beilum,
455 2570 610 2644 postquam
624 2562 731 2626 litteris
748 2563 871 2646 Sulpicii
888 2565 1032 2638 consulis,
1055 2569 1104 2628 eui
1118 2566 1192 2629 Tar·

232 2647 324 2727 quinii
340 2646 641 2725 produeiaevenerat,
654 2648 803 2727 cognitum
811 2658 856 2712 est
867 2649 1075 2732 depopulatum
1087 2669 1192 2730 agrum

232 2732 310 2791 circa
323 2730 468 2793 Romanas
482 2730 588 2794 salinas
599 2731 786 2812 praedaeque
791 2742 906 2814 partem
918 2737 949 2796 ln
956 2735 1104 2798 Caeritum
1117 2736 1193 2797 lines

231 2821 374 2884 avectam,
391 2822 421 2876 et
433 2814 511 2878 baud
524 2814 611 2878 dubie
622 2817 802 2879 iuventutem
815 2819 877 2880 eius
891 2818 992 2900 popuii
1012 2818 1090 2882 inter
1104 2837 1192 2900 prae·

199 2902 216 2953 9
231 2898 348 2961 datores
362 2897 461 2960 luisse.
483 2902 582 2982 itaque
600 2900 747 2963 Valerium
762 2901 929 2973 considam,
945 2902 1055 2964 Volscis
1071 2905 1191 2984 opposi-

231 2991 292 3045 tum
304 2989 458 3064 castraque
469 2984 505 3047 ad
520 2986 609 3047 linem
621 2983 821 3046 Tusculanum
832 2986 1005 3058 habentem,
1021 2995 1192 3049 revocatum

191 3069 222 3122 io
231 3066 299 3129 inde
312 3075 431 3129 senatus
446 3069 619 3131 dictatorem
631 3066 731 3129 dicere
740 3069 834 3131 imsit.
858 3070 892 3132 Τ.
904 3068 1044 3133 bianlium
1054 3070 1087 3133 L.
1099 3069 1192 3133 iillum

230 3150 310 3213 dixit.
342 3152 366 3213 is
384 3167 452 3213 eum
468 3151 524 3213 sibi
541 3153 716 3230 magistrum
737 3154 868 3233 equitum
885 3156 918 3216 i.
935 3154 1103 3216 Cornelium
1118 3155 1191 3218 Cos·

230 3253 294 3296 sum
310 3235 446 3307 dixisset,
468 3235 616 3298 consulari
633 3237 763 3300 exercitu
781 3246 937 3301 contentus
958 3257 994 3301 ex
1016 3240 1192 3301 auctoritate

197 3322 211 3376 1
228 3326 386 3397 patrumac
398 3319 500 3401 popuii
510 3322 591 3384 iussu
599 3320 763 3384 Caeritibus
773 3321 884 3385 beilum
896 3321 1010 3385 indixit.
1033 3322 1095 3384 xx.
1113 3323 1191 3386 Tum

228 3402 358 3480 primum
374 3401 518 3477 Caerites,
543 3420 691 3485 tamquam
711 3406 743 3467 in
761 3406 859 3469 verbis
880 3408 1009 3469 bostium
1030 3409 1073 3469 vis
1093 3409 1191 3469 maior

230 3483 266 3544 ad
282 3482 393 3545 beilum
407 3489 631 3566 significandum
647 3508 734 3569 quam
754 3491 785 3552 in
803 3492 864 3553 suis
878 3491 976 3561 iactis,
1001 3492 1052 3571 qui
1065 3509 1120 3571 per
1136 3510 1191 3571 po·
