2575 4067
262 190 357 233 urens
370 190 438 234 vm.
454 191 521 235 can.
538 178 638 236 tute.
659 170 700 253 [ι.
715 173 751 237 0.
766 172 829 257 tta]
999 179 1040 244 85

84 344 209 418 potestas
225 338 357 400 emnium
377 355 479 401 rerum
498 348 589 410 esset,
611 356 649 400 ne
662 340 738 401 irem
763 341 881 421 quidem
900 359 1039 423 umquam

84 422 257 484 atrociorem
269 422 359 484 fuisse
368 423 400 484 iu
411 439 472 493 ees,
485 424 536 504 qui
547 424 714 484 temeritate
725 441 742 484 a
796 441 813 485 e
823 426 940 488 inscitia
953 444 1038 489 exer·

82 507 153 568 utus
164 506 346 577 amisissent,
362 523 450 587 quam
461 513 494 567 ut
507 506 632 587 pecunia
645 523 698 568 ees
710 524 741 568 ιιι
773 515 864 569 taret:
879 511 975 589 capite
985 528 1038 572 an·

81 590 219 670 quisitum
235 588 274 651 eb
295 607 360 652 reru
373 588 453 652 bello
476 589 553 652 mele
573 596 687 669 gestam
706 590 743 652 de
758 591 939 672 Imperatore
959 592 1039 655 nullo

79 673 113 735 ed
127 692 196 735 eem
208 672 287 735 diem
297 691 372 736 esse.
402 690 482 737 nunc
495 672 620 737 ducibus
634 672 737 756 pepuli
752 674 895 746 Romani,
911 694 986 756 quae
1002 693 1039 739 ne
1050 686 1081 738 it

77 757 160 819 victis
174 756 297 838 quidem
309 756 388 820 bello
402 758 448 820 ias
462 757 565 830 iuerit,
580 759 678 838 virgas
695 766 725 820 et
744 776 866 822 secures
879 757 1039 821 victoribus

77 850 104 904 et
114 842 297 905 iustissimos
310 843 425 904 meritis
440 843 606 923 triumphes
619 843 769 905 intentant
798 844 869 925 qrrid
884 844 963 905 enirn
974 851 1039 905 tan·
1049 852 1081 904 it

76 925 144 988 dem
158 944 317 1007 passurum
332 926 422 989 luisse
435 925 527 988 fllium
541 944 643 998 suurn,
665 928 692 989 sl
707 929 869 990 exereitum
884 927 1038 999 amisisset,

77 1012 100 1071 si
117 1010 205 1072 instas
219 1009 337 1089 rugatus
351 1011 456 1073 cestris
470 1020 575 1074 erutus
589 1011 709 1074 iuisseti
722 1030 781 1093 que
794 1010 873 1075 ultra
887 1013 962 1074 iram
976 1012 1038 1072 rie·

75 1092 335 1175 lentiamque'eius
347 1096 642 1169 emmerammum,
656 1114 744 1177 quam
754 1105 788 1159 ut
801 1096 972 1158 verberaret
985 1113 1037 1157 ne·

76 1178 240 1259 caretquei
254 1196 342 1259 quarn
357 1180 536 1242 conveniens
546 1197 625 1249 esse,
642 1189 766 1260 prepter
780 1179 815 1253 Q.
830 1180 954 1242 Fabium
969 1180 1038 1240 civi·
1048 1186 1082 1238 tc

74 1270 169 1326 tatem
182 1263 214 1323 in
230 1259 341 1325 laetitia
353 1263 491 1343 victorie,
508 1262 771 1345 supplicationibus
785 1282 820 1326 ae
836 1262 1039 1343 gratulationi·

74 1345 130 1410 bus
146 1364 231 1417 esse,
247 1364 324 1419 eum,
338 1354 462 1428 proptor
473 1359 562 1428 quein
575 1347 664 1409 deum
679 1346 803 1410 delubra
814 1355 949 1429 pateant,
968 1364 1036 1409 arae
1047 1353 1077 1406 21

76 1430 235 1495 sacrificiis
244 1429 374 1504 tument,
390 1432 505 1494 honere
517 1432 603 1494 denis
613 1430 811 1504 cumulentur,
826 1431 969 1494 nudatum
979 1431 1039 1492 vir·

74 1518 119 1596 pis
135 1515 264 1577 lacerari
276 1516 482 1596 inconspectu
496 1515 598 1597 pepuli
611 1515 752 1589 Romani,
774 1517 938 1578 intuentem
953 1516 1038 1596 Capi·

75 1600 185 1662 tolium
198 1606 286 1680 atque
303 1616 403 1661 arcem
428 1600 559 1681 densque
579 1599 617 1662 ab
631 1618 665 1662 se
681 1600 797 1662 duebru
818 1599 939 1681 proeliis
959 1598 1038 1662 hauri

73 1684 190 1746 frustra
205 1682 377 1745 adventui
391 1702 449 1764 quo
463 1684 494 1746 id
505 1685 603 1746 eninm
615 1686 793 1756 exercitum,
809 1686 860 1765 qui
872 1685 936 1747 eius
948 1684 1036 1746 ductu
1048 1692 1081 1740 sa
1208 1656 1211 1662 ¹

74 1767 277 1849 auspiciisque
299 1768 429 1839 vicisset,
452 1766 598 1831 laturum?
633 1786 723 1849 quem
744 1767 858 1831 luctum
880 1770 912 1830 in
935 1768 1039 1831 castris

74 1851 236 1922 Romanis,
259 1868 348 1931 quem
369 1850 511 1914 laetitiam
529 1853 608 1913 iuter
630 1852 731 1915 hostes
755 1852 838 1914 ierei
860 1852 935 1915 haec
947 1849 1080 1914 simules

72 1937 216 2015 iurgans,
242 1951 384 2015 querens,
417 1934 504 1997 deum
526 1935 736 2016 hominumque
766 1936 854 1998 iidem
887 1934 1039 1999 obtestans

74 2028 109 2082 et
145 2018 306 2099 conplexus
344 2017 437 2080 fllium
472 2017 608 2100 plurimis
639 2037 708 2081 cum
748 2018 887 2081 lacrumis
924 2018 1038 2099 agebat

73 2102 206 2167 XXXIV.
235 2101 338 2165 Stabat
363 2119 431 2163 curn
449 2119 485 2164 eo
509 2108 628 2164 senuus
648 2103 800 2173 maiestas,
828 2102 910 2164 lavor
928 2100 1066 2182 pepulit

74 2186 273 2251 uibunretum
298 2184 453 2257 auxilium,
486 2187 629 2247 memoria
654 2184 784 2247 absentis
811 2187 972 2253 exercitum
1002 2190 1068 2246 ext

75 2278 165 2353 parte
176 2269 268 2333 altera
278 2270 437 2350 imperium
446 2270 587 2331 Invictum
597 2267 700 2349 pepuli
710 2268 835 2330 Romani
847 2274 877 2329 et
887 2265 1040 2347 disciplina

77 2356 126 2416 rei
141 2353 275 2416 militaris
288 2363 319 2416 et
333 2353 485 2416 dictatoris
497 2352 625 2417 edictum
639 2370 695 2433 pre
713 2354 835 2415 numine
849 2368 969 2432 semper
986 2348 1039 2412 eb·

80 2446 231 2501 servatum
258 2448 288 2500 et
307 2436 455 2501 Manilane
477 2439 602 2518 imperia
624 2447 654 2499 et
673 2436 840 2517 posthabita
862 2434 919 2498 iiiii.
934 2436 1040 2497 caritas

79 2521 218 2603 pubIIcae
236 2521 354 2585 utilitati
372 2520 565 2586 laetabantur.
595 2522 653 2585 hcc
665 2523 755 2584 etiarn
767 2520 802 2583 L.
813 2522 953 2592 Bruttus,
969 2524 1068 2582 cen-8

80 2606 365 2669 ditoremliemanae
375 2605 528 2678 libertatis,
541 2614 627 2670 antes
637 2608 670 2668 in
678 2605 793 2669 duobus
804 2605 906 2668 liberis
917 2604 1037 2680 iecisse3

80 2709 161 2753 nunc
171 2698 271 2771 patres
278 2708 377 2753 cemes
388 2700 418 2752 et
428 2709 515 2754 senes
526 2690 628 2754 faciles
636 2691 674 2753 (le
686 2690 782 2753 alieno
792 2692 917 2773 imperio
929 2698 1039 2771 spreto,

81 2784 234 2856 tamquam
248 2776 292 2837 rei
303 2792 427 2856 parvae,
439 2774 610 2856 disciplinae
619 2775 755 2839 militaris
768 2793 886 2837 eversae
896 2773 1040 2836 iuventuti
1127 2806 1131 2812 -

82 2862 207 2938 gratiam
221 2859 329 2921 iacere.
356 2877 390 2920 se
406 2866 507 2921 tamen
520 2867 721 2940 perstaturum
732 2860 764 2920 in
780 2860 915 2938 incepto,
930 2874 987 2919 nec
1003 2858 1038 2927 ei,
1051 2861 1069 2911 4

82 2943 135 3025 qui
152 2943 291 3005 adversus
305 2942 416 3005 dictum
430 2962 517 3007 suum
535 2942 663 3006 turbetis
683 2940 876 3020 religionibus
895 2957 931 3000 ac
945 2938 1041 3001 dubis

80 3028 220 3108 auspiciis
231 3034 405 3107 pugnasset,
423 3029 579 3109 quicquam
592 3045 629 3090 ex
641 3028 719 3089 iuste
730 3041 826 3105 poene
836 3024 1039 3085 remissurum.

80 3113 220 3173 maiestas
235 3112 355 3191 imperii
368 3120 550 3192 perpetuane
572 3120 665 3184 esset,
687 3127 749 3171 non
763 3126 828 3171 esse
843 3109 875 3169 iu
889 3124 942 3168 sua
956 3109 1069 3187 pote-c

80 3203 171 3259 state:
195 3194 228 3257 L.
247 3195 400 3277 Papirium
421 3194 495 3257 nihil
516 3197 578 3257 eius
603 3194 839 3261 deminuturum
864 3200 981 3271 optare,
1003 3193 1070 3251 net

81 3287 213 3359 potestas
226 3279 400 3350 tribunicia,
415 3277 552 3340 inviolata
565 3279 642 3357 ipsa,
659 3276 748 3339 violet
763 3277 975 3338 intercessione
990 3292 1042 3336 sua

81 3364 250 3427 Romanum
260 3364 429 3446 imperium,
442 3380 500 3425 neu
511 3360 637 3443 populus
649 3361 719 3421 inse
730 3360 914 3441 potissimum
920 3358 1041 3422 dictate·

76 3455 184 3511 -remet
197 3449 243 3510 ius
256 3448 418 3512 dictaturae
430 3448 590 3527 extinguat
611 3443 723 3527 quodsi
735 3445 862 3518 iecisset,
874 3462 935 3506 nen
947 3444 979 3507 L.
987 3443 1069 3508 rea-⁷
