2575 4067
248 217 308 278 242
424 230 517 271 nrnnn
531 231 595 270 nr.
616 230 686 274 cnr.
701 216 739 266 to.
758 217 802 268 46.
820 206 859 290 [a.
875 231 906 270 ιι.
922 230 948 270 ο.
963 208 1024 289 536]

247 378 362 440 accensi
375 375 499 437 militum
515 376 604 437 animi
619 381 728 447 essent,
748 372 872 436 Romani
885 383 976 455 ponte
991 376 1133 438 Ticinum
1151 380 1223 440 iun·

247 468 320 541 gunt
335 460 505 538 tutandique
525 459 624 539 pontis
647 476 734 519 causa
746 458 898 520 castellum
919 461 1216 540 insuperinponunt,

221 545 363 606 tPoenus
377 543 511 605 hostibus
525 559 616 622 opere
632 542 781 620 occupatis
791 540 991 603 Maharbalem
1002 561 1069 603 cum
1089 542 1139 605 ala
1155 545 1216 606 Nu·

247 627 407 697 midarum,
424 625 569 705 equitibus
580 626 762 705 quingentis,
779 625 815 685 ad
828 623 1047 704 depopulandos
1057 629 1214 689 sociorum

220 710 347 791 apopull
369 711 494 770 Romani
517 726 603 788 agros
623 710 728 777 mittin
750 707 839 768 Gallis
859 710 942 788 parci
963 725 1050 788 quam
1080 712 1213 772 maxime

247 795 327 856 iubet
353 794 578 875 principumque
612 793 727 853 animos
755 791 792 851 ad
823 792 1018 853 delectionem
1044 791 1212 855 sollicitari.

247 885 337 959 ponte
367 877 499 956 perlecto
531 876 683 936 traductus
703 875 853 936 Romanus
878 876 1024 937 exercitus
1042 876 1074 935 in
1104 894 1210 955 agrum

247 960 416 1023 lnsubrium
437 960 566 1039 quinque
590 958 670 1019 milia
694 976 812 1037 passum
833 977 850 1018 a
871 957 1041 1020 Victumulis
1062 961 1212 1021 consedit.

220 1044 291 1107 riht
306 1041 452 1106 Hannibal
467 1049 562 1104 castra
576 1040 719 1110 habebat:
738 1049 933 1121 revocatoque
947 1059 1076 1121 propere
1090 1043 1209 1106 blaher-

247 1127 313 1189 bale
327 1136 414 1208 atque
429 1126 582 1207 equitibus,
599 1143 666 1186 cum
678 1126 787 1185 instare
802 1133 952 1186 certamen
964 1132 1115 1194 cerneret,
1134 1122 1211 1188 nihil

248 1230 387 1292 umquam
398 1211 468 1271 satis
479 1210 588 1271 dictum
603 1209 877 1288 praemonitumque
889 1208 926 1269 ad
941 1208 1141 1270 cohortandos
1155 1211 1209 1271 mi·

247 1293 314 1357 lites
325 1302 421 1365 ratus,
436 1295 544 1355 vocatis
556 1291 592 1354 ad
604 1293 771 1353 contionem
787 1299 867 1353 certa
880 1293 1011 1371 praemia
1024 1295 1201 1371 pronuntiat

222 1382 280 1439 oin
295 1396 420 1458 quorum
435 1396 519 1455 spem
539 1382 720 1458 pugnarent:
742 1392 845 1453 agrurn
859 1394 925 1437 sese
941 1375 1078 1436 daturum
1093 1394 1161 1437 esse
1177 1379 1209 1438 ln

248 1461 330 1524 ltalia
350 1461 448 1522 lirica
467 1461 621 1538 Hispania,
643 1457 695 1520 uhi
719 1459 843 1538 quisque
861 1458 943 1529 velit,
966 1460 1118 1520 inmunem
1140 1461 1208 1540 ipsi,

249 1547 300 1625 qui
314 1543 487 1622 accepisset,
502 1541 676 1622 liberisque:
696 1543 745 1621 qui
757 1543 911 1620 pecuniam
922 1560 1009 1621 quam
1024 1559 1126 1620 agrum
1144 1562 1209 1606 ma·

222 1627 365 1695 eluisset,
387 1627 414 1686 ei
435 1643 466 1684 se
484 1632 605 1704 argento
624 1625 857 1693 satisfacturum
884 1627 933 1705 qui
961 1625 1107 1686 sociorum
1127 1628 1208 1688 circs

126 1736 129 1743 »
249 1708 504 1785 Carthaginienses
524 1707 591 1768 lieri
612 1706 735 1779 vellent,
766 1715 940 1788 potestatem
967 1708 1128 1777 iacturum:
1156 1713 1207 1791 qul

249 1793 352 1853 domos
369 1790 468 1851 redire
482 1789 617 1861 mallent,
634 1789 770 1853 daturum
784 1810 817 1852 se
831 1809 968 1870 operam,
989 1810 1028 1853 ne
1044 1794 1126 1855 culus
1137 1811 1206 1856 suo·

249 1893 316 1937 rum
335 1872 520 1955 popularium
541 1881 682 1936 mutatam
707 1893 807 1936 secum
828 1874 976 1937 lomunam
1000 1894 1065 1938 esse
1085 1875 1206 1939 vellent

221 1959 340 2021 rserris
372 1975 487 2038 quoque
508 1956 642 2020 dominos
673 1959 836 2037 prosecutis
862 1958 1027 2021 libertatem
1055 1962 1205 2040 proponit,

221 2042 375 2121 ibinaque
394 2059 449 2122 pro
471 2043 518 2103 his
532 2043 678 2120 mancipia
694 2041 819 2102 dominis
839 2060 871 2103 se
886 2042 1079 2104 redditurum.
1112 2062 1208 2125 eaque

249 2135 281 2189 ut
296 2134 359 2189 rata
374 2127 486 2187 scirent
500 2125 579 2194 lore,
604 2142 711 2203 agnum
726 2124 807 2186 laeva
822 2143 927 2197 manu,
950 2125 1071 2188 dextera
1091 2125 1208 2190 silicem

248 2212 394 2280 retinens.
409 2211 435 2269 si
449 2207 577 2278 falleret,
599 2207 696 2269 lovem
714 2216 887 2288 ceterosque
903 2218 1041 2289 precatus
1060 2209 1149 2281 deos,
1165 2214 1207 2274 lta

247 2316 279 2359 se
290 2304 462 2367 mactarent,
474 2313 563 2370 quem
574 2293 611 2354 ad
638 2291 752 2352 modum
765 2293 827 2370 lpse
842 2310 950 2371 agnum
962 2302 1126 2365 mactasset,
1144 2293 1208 2378 [et]

219 2377 409 2439 seecundum
422 2377 622 2455 precationem
632 2383 719 2456 caput
729 2376 850 2455 pecudis
867 2394 936 2437 saxo
949 2375 1034 2439 elisit
1060 2385 1122 2439 tum
1133 2396 1206 2442 rere

248 2477 351 2521 omnes
373 2457 452 2519 velut
466 2458 520 2519 diis
534 2457 702 2519 auctoribus
723 2460 754 2519 in
771 2476 854 2537 spem
864 2477 947 2521 suam
961 2462 1085 2542 quisque
1098 2480 1208 2544 accep·

246 2544 285 2601 tis
305 2541 336 2602 id
351 2558 466 2614 morae,
483 2541 562 2621 quod
579 2540 709 2602 nondum
730 2551 910 2622 pugnarent,
927 2542 963 2605 ad
984 2544 1120 2624 potienda
1132 2563 1208 2625 spe·

247 2631 310 2685 rata
326 2626 399 2694 rati,
416 2623 564 2702 proelium
576 2641 635 2684 uno
650 2626 749 2685 animo
763 2633 793 2687 et
807 2644 878 2688 voce
893 2646 951 2689 una
966 2636 1097 2707 poscunt

222 2712 234 2764 1
308 2705 405 2768 XLVl.
439 2705 523 2785 Apud
543 2707 691 2768 Romanos
711 2708 936 2790 haudquaquam
967 2719 1045 2773 tanta
1065 2708 1206 2775 alacritas

248 2798 326 2862 erat,
352 2807 442 2870 super
463 2797 561 2851 cetera
587 2792 756 2853 recentibus
778 2795 866 2855 etiam
893 2795 1013 2856 territos
1044 2793 1204 2876 prodigiisz

217 2885 313 2937 anam
329 2883 359 2937 et
373 2873 458 2955 lupus
482 2875 643 2937 intraverat
667 2884 760 2938 castra
778 2875 949 2957 laniatisque
972 2877 1066 2939 obviis
1079 2881 1143 2959 ipse
1157 2882 1205 2941 in·

245 2966 339 3021 tactus
355 2966 500 3029 eraserat,
523 2968 551 3021 ct
565 2977 689 3021 examen
703 2978 791 3039 apum
806 2962 837 3021 in
852 2960 958 3022 arhtue
971 2965 1122 3040 praetorio
1147 2964 1205 3025 im·

217 3045 375 3106 eminente
388 3041 570 3104 consederat.
597 3041 704 3120 quibus
710 3045 875 3122 procuratis
881 3044 980 3124 Scipio
986 3062 1055 3106 cum
1070 3047 1202 3126 equitatu

245 3125 509 3206 iaculatoribusque
532 3125 675 3206 expeditis
696 3126 845 3205 proiectus
860 3128 897 3189 ad
911 3135 1007 3190 castra
1022 3128 1151 3191 hostium
1167 3149 1202 3192 er

244 3211 410 3290 propinquo
434 3209 606 3288 copiasque,
638 3218 764 3289 quantm
790 3219 820 3273 et
844 3213 925 3274 culus
953 3213 1071 3290 generis
1092 3222 1203 3289 essent,

244 3292 451 3371 speculandas,
467 3290 570 3354 obrius
585 3293 618 3354 flt
630 3293 788 3356 Hanniball
802 3303 832 3356 et
847 3295 903 3373 ipsi
918 3313 985 3357 cum
1001 3295 1150 3375 equitibus
1165 3300 1203 3362 ad

211 3374 421 3454 aerploranda
449 3378 528 3438 circa
547 3375 611 3438 loca
635 3395 804 3457 progresso.
847 3380 946 3440 neutri
970 3377 1081 3440 alteros
1099 3381 1201 3459 primo

244 3456 414 3523 cernebant.
432 3461 553 3523 densior
567 3459 672 3520 deinde
689 3463 806 3523 incessu
828 3468 872 3524 tot
886 3463 1039 3523 bominum
1054 3480 1196 3541 equorum
