2575 4067
243 222 283 284 42
386 238 480 280 ursus
493 238 549 281 vu.
566 236 635 281 oss.
652 225 695 277 aa.
711 226 753 279 so.
771 216 810 300 [a.
825 241 857 282 u.
872 241 898 282 ο.
912 228 971 279 411.
985 220 1047 302 412]

244 386 386 446 memoria
400 387 527 465 patriae3
543 385 754 465 inibanturque
769 387 890 449 consilia
904 389 935 449 ln
949 387 1082 449 bibernis
1097 388 1205 450 eodem
1279 445 1280 476 ,

244 467 357 529 scelere
377 468 549 533 adimendae
570 469 727 550 Campanis
749 469 880 549 Capuae,
901 490 956 552 per
973 470 1051 552 quod
1070 470 1115 532 illi
1136 490 1204 533 eam
1279 487 1280 550 p

211 556 229 610 d
243 553 370 632 audquls
381 552 543 615 cultoribus
555 553 748 616 ademissent:
764 571 860 635 neque
870 556 1008 617 inmerito
1020 574 1106 617 suum
1120 557 1204 635 ipso·

243 654 310 697 rum
327 636 493 718 exemplum
509 639 541 698 ln
555 655 606 699 eos
621 655 786 699 versurum.
822 645 988 701 curantem
1002 638 1100 720 potins
1114 638 1204 701 Cam·

243 722 313 799 pani
328 737 432 800 agrum
445 720 546 784 ltaliae
562 720 762 792 uberrimum,
786 721 905 801 dignam
919 740 989 802 agro
1005 721 1125 795 urbem,
1150 726 1203 803 qul

243 822 298 865 nee
313 824 345 866 se
360 823 416 866 uec
426 824 478 867 sua
492 805 583 867 tutari
595 813 729 885 possent,
745 824 832 886 quam
848 808 941 868 victor
951 808 1097 868 exercitus
1108 805 1206 867 habe·

243 898 302 960 ret,
319 890 370 969 qul
385 908 438 951 suo
454 888 562 951 sudore
577 906 611 950 ac
622 890 767 967 sanguine
778 889 847 952 inde
858 891 1004 952 Samnites
1019 885 1204 970 depulisset?

210 978 225 1026 ⁷
242 989 280 1032 an
294 991 420 1052 aequum
432 991 497 1037 esse
515 971 669 1033 dediticios
683 990 752 1033 suos
766 972 816 1034 illa
831 974 979 1035 fertilitate
995 982 1084 1055 atque
1099 992 1206 1036 amoc·

241 1057 332 1117 nitate
347 1056 475 1136 perfrui,
491 1075 523 1117 se
534 1054 686 1117 mllitando
703 1055 797 1117 fessos
812 1059 844 1118 ln
855 1057 1003 1138 pestilenti
1013 1066 1101 1138 atque
1115 1057 1203 1120 arido

242 1140 321 1201 circa
340 1139 447 1202 urbem
469 1140 532 1202 solo
552 1139 659 1202 luctari
678 1146 729 1201 aut
753 1140 784 1200 in
808 1140 882 1202 urbe
906 1141 1081 1204 insidentem
1099 1140 1202 1203 tabem

209 1226 227 1280 8
242 1226 401 1286 crescentis
411 1225 443 1285 ln
454 1224 518 1286 dies
530 1225 659 1286 laenorls
672 1224 750 1304 patll
772 1224 846 1286 haec
861 1226 967 1305 agimta
988 1224 1111 1288 occultis
1128 1244 1202 1286 con·

240 1307 434 1370 lunationibus
445 1309 571 1370 necdum
581 1308 696 1387 vulgata
707 1309 846 1369 inomues
858 1309 978 1370 consilia
989 1310 1099 1370 invenlt
1106 1328 1202 1370 nouis

240 1391 343 1454 consul
362 1392 393 1454 C.
412 1392 537 1458 Marcius
557 1392 685 1462 Rutilus,
710 1392 758 1453 cul
772 1392 930 1472 Campania
949 1400 1028 1455 sorte
1048 1395 1202 1474 provincia

241 1483 393 1546 evenerat,
406 1474 570 1547 Q.Servlllo
582 1475 693 1555 collega
705 1475 742 1536 ad
753 1475 856 1538 urbem
875 1476 987 1539 relicto.
1017 1478 1115 1557 ltaque
1131 1495 1202 1538 cum

208 1560 226 1615 9
239 1562 337 1621 omnia
355 1577 403 1629 ea,
426 1559 501 1621 sicut
515 1566 596 1639 gesta
613 1567 712 1631 eraut,
727 1577 781 1638 per
795 1559 930 1622 tribunos
944 1568 1085 1641 conperta
1106 1560 1201 1622 habe·

239 1651 287 1703 ret
311 1652 341 1702 et
354 1650 448 1704 aetate
463 1651 492 1705 et
509 1663 564 1706 usu
576 1643 693 1715 doctus,
705 1645 868 1724 quippequl
877 1646 935 1706 lam
947 1652 1083 1726 quartum
1094 1645 1202 1707 consul

240 1735 318 1786 esset
339 1727 523 1808 dictatorque
545 1735 574 1789 et
595 1746 702 1789 censor
717 1728 831 1800 luisset,
850 1736 1002 1808 optumum
1017 1736 1098 1790 ratus
1113 1728 1200 1790 dide·

239 1810 333 1871 rendo
354 1828 452 1890 spem,
475 1811 718 1891 quandocumque
738 1811 859 1884 vellent,
882 1812 997 1875 consilli
1017 1813 1201 1892 exsequendi

239 1893 396 1955 militarem
417 1897 560 1975 impetum
574 1894 726 1968 frustrari,
742 1905 891 1958 rumorem
909 1896 1030 1977 dissipat
1043 1898 1075 1957 ln
1090 1897 1198 1959 lisdem

199 1977 358 2056 lboppldls
379 1986 409 2040 et
423 1997 500 2039 auno
524 1985 591 2059 post
609 1978 755 2059 praesidia
777 1980 982 2043 hibernatura:
1008 1980 1098 2042 divisa
1116 1983 1199 2043 enim

240 2068 324 2122 eraut
338 2081 392 2143 per
409 2062 584 2144 Campaniae
599 2061 704 2135 nrbes,
717 2072 962 2145 manaverantque
980 2084 997 2127 a
1011 2064 1109 2145 Capua
1124 2083 1198 2126 cou-

240 2144 304 2206 silia
328 2148 543 2210 inexercitum
565 2166 694 2209 omnem.
731 2165 766 2208 eo
787 2147 952 2210 laxamento
971 2148 1198 2228 cogitationibus

209 2235 222 2288 l
239 2229 306 2293 dato
321 2234 431 2313 quievit
441 2235 472 2295 iu
482 2233 649 2313 praeseutia
660 2231 774 2295 seditio.
817 2232 944 2294 XXXIX.
966 2232 1074 2295 Consul
1089 2231 1198 2294 educto

239 2316 269 2377 iu
285 2320 393 2381 aestiva
409 2316 518 2389 milite,
541 2317 610 2379 dum
626 2318 740 2396 quietos
756 2317 901 2378 Samnites
917 2316 1057 2386 babebat,
1081 2318 1196 2378 exerci-

240 2408 301 2461 tum
313 2420 441 2481 purgare
447 2400 636 2463 missionibus
648 2399 884 2462 turbulentorum
895 2401 1047 2463 hominum
1057 2402 1195 2473 instituit,

239 2482 302 2543 allis
315 2486 436 2545 emerita
448 2483 572 2545 diceudo
587 2483 732 2561 stipendia
744 2502 816 2554 esse,
832 2483 904 2545 alios
915 2501 1018 2563 graves
1028 2486 1087 2546 lam
1098 2493 1195 2547 aetate

207 2573 288 2626 aaut
308 2565 419 2627 u’rlbus
438 2585 544 2647 parum
565 2566 686 2630 validos.
717 2567 835 2648 qudam
850 2571 882 2629 lu
902 2576 1081 2631 commeatus
1095 2570 1195 2631 mitte·

238 2648 361 2719 bantur,
380 2649 488 2729 singuli
501 2651 613 2731 primo,
630 2650 737 2712 deinde
753 2660 783 2713 et
799 2651 935 2715 cohortes
949 2651 1108 2734 quaedam,
1125 2654 1195 2733 qula

237 2731 392 2811 proculab
408 2733 495 2796 domo
513 2752 547 2796 ac
563 2733 653 2795 rebus
669 2737 729 2796 suis
748 2735 969 2808 hibernassent;
992 2754 1047 2817 per
1062 2738 1194 2817 speclem

238 2816 325 2878 etlam
339 2817 508 2880 militarium
519 2836 641 2891 usuum,
657 2838 724 2881 cum
735 2819 783 2881 alil
800 2820 856 2881 aiio
870 2824 1070 2892 mitterentur,
1085 2838 1196 2899 magua

206 2907 306 2979 apars
315 2899 449 2981 ablegati.
470 2921 559 2984 quam
567 2902 787 2965 multitudinem
793 2904 895 2966 consul
906 2904 1193 2983 alterRomaeprae·

205 2993 342 3068 storque
364 2986 434 3049 allas
454 3006 491 3050 ex
510 2986 574 3049 aliis
595 2987 733 3067 lingendo
748 3005 846 3049 moras
860 2989 1014 3051 retinebat.
1047 2996 1078 3051 et
1094 2989 1192 3068 primo

237 3071 355 3150 quidem
366 3071 673 3151 lgnariludldcationis
681 3073 800 3133 minime
808 3074 890 3134 iuviti
901 3071 1191 3135 domosrerlsebant:

235 3163 391 3237 postquam
406 3174 501 3236 neque
515 3157 625 3216 reverti
640 3155 677 3216 ad
693 3157 776 3235 signa
791 3157 902 3236 primos
921 3175 977 3218 nec
993 3156 1087 3218 lerme
1101 3155 1192 3217 allum

236 3257 324 3318 quam
338 3242 389 3320 qul
403 3241 434 3301 in
448 3240 606 3319 Campania
621 3240 841 3313 hibernassent,
861 3243 1077 3321 praecipueque
1093 3258 1129 3301 ox
1145 3240 1192 3301 bis

235 3322 387 3386 seditionis
394 3325 612 3386 aucturesmltti
619 3324 764 3397 viderunt,
775 3324 903 3404 primum
912 3324 1076 3395 admiratio,
1084 3322 1191 3385 deinde

235 3404 313 3466 haud
326 3406 431 3469 dubius
445 3410 535 3471 timor
545 3409 667 3470 lucessit
682 3411 810 3479 animos,
828 3407 948 3470 cousllla
959 3427 1010 3470 sua
1023 3426 1190 3469 emanasse:
1279 3417 1280 3452 l

203 3494 219 3543 5
234 3490 293 3549 iam
308 3492 508 3568 quaestiones,
523 3495 582 3553 iam
593 3492 716 3563 indicia,
730 3494 790 3553 lam
802 3491 915 3553 occulta
927 3490 1111 3570 singulorum
1122 3509 1192 3571 sup·
