<?xml version="1.0" encoding="UTF-8"?>
<!DOCTYPE html PUBLIC "-//W3C//DTD XHTML 1.0 Transitional//EN"
    "http://www.w3.org/TR/xhtml1/DTD/xhtml1-transitional.dtd">
<html xmlns="http://www.w3.org/1999/xhtml" xml:lang="en" lang="en">
 <head>
  <title>
</title>
<meta http-equiv="Content-Type" content="text/html;charset=utf-8" />
  <meta name='ocr-system' content='tesseract 3.04.00' />
  <meta name='ocr-capabilities' content='ocr_page ocr_carea ocr_par ocr_line ocrx_word'/>
</head>
<body>
  <div class='ocr_page' id='page_1' title='image "./aburbeconditali12livygoog_0229.png"; bbox 0 0 2575 4067; ppageno 0'>
   <div class='ocr_carea' id='block_1_1' title="bbox 256 155 1044 241">
    <p class='ocr_par' dir='ltr' id='par_1_1' title="bbox 256 155 1044 241">
     <span class='ocr_line' id='line_1_1' title="bbox 256 155 1044 241; baseline 0.013 -25"><span class='ocrx_word' id='word_1_1' title='bbox 256 173 350 217; x_wconf 78' lang='lat' dir='ltr'><strong>araas</strong></span> <span class='ocrx_word' id='word_1_2' title='bbox 363 175 427 220; x_wconf 85' lang='lat' dir='ltr'><strong>xxr.</strong></span> <span class='ocrx_word' id='word_1_3' title='bbox 443 173 511 219; x_wconf 80' lang='lat' dir='ltr'><strong>oar.</strong></span> <span class='ocrx_word' id='word_1_4' title='bbox 527 164 569 219; x_wconf 78' lang='lat'><strong>22.</strong></span> <span class='ocrx_word' id='word_1_5' title='bbox 588 164 630 218; x_wconf 80' lang='lat'><strong>23.</strong></span> <span class='ocrx_word' id='word_1_6' title='bbox 642 166 685 219; x_wconf 82' lang='lat'><strong>24.</strong></span> <span class='ocrx_word' id='word_1_7' title='bbox 701 155 741 238; x_wconf 82' lang='lat' dir='ltr'><strong>[a.</strong></span> <span class='ocrx_word' id='word_1_8' title='bbox 757 158 791 221; x_wconf 79' lang='lat' dir='ltr'><strong>(i.</strong></span> <span class='ocrx_word' id='word_1_9' title='bbox 807 157 868 241; x_wconf 80' lang='lat' dir='ltr'><strong>ata]</strong></span> <span class='ocrx_word' id='word_1_10' title='bbox 981 163 1044 227; x_wconf 80' lang='lat'><strong>223</strong></span> 
     </span>
    </p>
   </div>
   <div class='ocr_carea' id='block_1_2' title="bbox 45 319 1129 3481">
    <p class='ocr_par' dir='ltr' id='par_1_2' title="bbox 63 319 1129 1214">
     <span class='ocr_line' id='line_1_2' title="bbox 63 319 1042 404; baseline 0.001 -19"><span class='ocrx_word' id='word_1_11' title='bbox 63 320 196 385; x_wconf 86' lang='lat' dir='ltr'><strong>italiam</strong></span> <span class='ocrx_word' id='word_1_12' title='bbox 212 319 370 382; x_wconf 80' lang='lat' dir='ltr'><strong>Hannibali</strong></span> <span class='ocrx_word' id='word_1_13' title='bbox 385 324 522 384; x_wconf 88' lang='lat' dir='ltr'><strong>missum:</strong></span> <span class='ocrx_word' id='word_1_14' title='bbox 544 323 671 402; x_wconf 79' lang='lat' dir='ltr'><strong>proinde</strong></span> <span class='ocrx_word' id='word_1_15' title='bbox 692 332 865 403; x_wconf 90' lang='lat' dir='ltr'><strong>sequeretur</strong></span> <span class='ocrx_word' id='word_1_16' title='bbox 880 341 976 404; x_wconf 88' lang='lat' dir='ltr'><strong>neque</strong></span> <span class='ocrx_word' id='word_1_17' title='bbox 992 342 1042 386; x_wconf 88' lang='lat' dir='ltr'><strong>us·</strong></span> 
     </span>
     <span class='ocr_line' id='line_1_3' title="bbox 63 404 1069 488; baseline 0.001 -23"><span class='ocrx_word' id='word_1_18' title='bbox 63 423 171 485; x_wconf 88' lang='lat' dir='ltr'><strong>quam</strong></span> <span class='ocrx_word' id='word_1_19' title='bbox 192 422 257 466; x_wconf 92' lang='lat' dir='ltr'><strong>ase</strong></span> <span class='ocrx_word' id='word_1_20' title='bbox 272 404 444 466; x_wconf 86' lang='lat' dir='ltr'><strong>delleoteret</strong></span> <span class='ocrx_word' id='word_1_21' title='bbox 468 405 579 468; x_wconf 87' lang='lat' dir='ltr'><strong>oeulos.</strong></span> <span class='ocrx_word' id='word_1_22' title='bbox 616 406 753 487; x_wconf 83' lang='lat' dir='ltr'><strong>pavidum</strong></span> <span class='ocrx_word' id='word_1_23' title='bbox 781 409 878 486; x_wconf 91' lang='lat' dir='ltr'><strong>primo</strong></span> <span class='ocrx_word' id='word_1_24' title='bbox 898 416 1069 488; x_wconf 64' lang='lat' dir='ltr'><strong>nusquam?</strong></span> 
     </span>
     <span class='ocr_line' id='line_1_4' title="bbox 65 488 1041 569; baseline 0.006 -21"><span class='ocrx_word' id='word_1_25' title='bbox 65 488 371 568; x_wconf 78' lang='lat' dir='ltr'><strong>circumspicientem</strong></span> <span class='ocrx_word' id='word_1_26' title='bbox 388 496 438 551; x_wconf 90' lang='lat' dir='ltr'><strong>aut</strong></span> <span class='ocrx_word' id='word_1_27' title='bbox 452 491 662 569; x_wconf 79' lang='lat' dir='ltr'><strong>respicientem</strong></span> <span class='ocrx_word' id='word_1_28' title='bbox 679 498 828 561; x_wconf 87' lang='lat' dir='ltr'><strong>secutum;</strong></span> <span class='ocrx_word' id='word_1_29' title='bbox 845 489 953 551; x_wconf 89' lang='lat' dir='ltr'><strong>deinde</strong></span> <span class='ocrx_word' id='word_1_30' title='bbox 970 508 1041 554; x_wconf 89' lang='lat' dir='ltr'><strong>cura</strong></span> 
     </span>
     <span class='ocr_line' id='line_1_5' title="bbox 64 571 1043 653; baseline 0.002 -21"><span class='ocrx_word' id='word_1_31' title='bbox 64 572 194 649; x_wconf 87' lang='lat' dir='ltr'><strong>ingenii</strong></span> <span class='ocrx_word' id='word_1_32' title='bbox 214 571 349 642; x_wconf 90' lang='lat' dir='ltr'><strong>humani,</strong></span> <span class='ocrx_word' id='word_1_33' title='bbox 373 589 456 644; x_wconf 88' lang='lat' dir='ltr'><strong>cum,</strong></span> <span class='ocrx_word' id='word_1_34' title='bbox 478 573 618 653; x_wconf 79' lang='lat' dir='ltr'><strong>quidnam</strong></span> <span class='ocrx_word' id='word_1_35' title='bbox 638 573 670 634; x_wconf 90' lang='lat' dir='ltr'><strong>id</strong></span> <span class='ocrx_word' id='word_1_36' title='bbox 685 581 776 646; x_wconf 84' lang='lat' dir='ltr'><strong>esset,</strong></span> <span class='ocrx_word' id='word_1_37' title='bbox 797 573 876 653; x_wconf 92' lang='lat' dir='ltr'><strong>quod</strong></span> <span class='ocrx_word' id='word_1_38' title='bbox 894 573 1043 652; x_wconf 79' lang='lat' dir='ltr'><strong>respicere</strong></span> 
     </span>
     <span class='ocr_line' id='line_1_6' title="bbox 68 656 1042 736; baseline 0.004 -22"><span class='ocrx_word' id='word_1_39' title='bbox 68 656 190 716; x_wconf 86' lang='lat' dir='ltr'><strong>vetitus</strong></span> <span class='ocrx_word' id='word_1_40' title='bbox 207 661 298 725; x_wconf 92' lang='lat' dir='ltr'><strong>esset,</strong></span> <span class='ocrx_word' id='word_1_41' title='bbox 316 656 441 733; x_wconf 88' lang='lat' dir='ltr'><strong>agitaret</strong></span> <span class='ocrx_word' id='word_1_42' title='bbox 455 657 569 728; x_wconf 91' lang='lat' dir='ltr'><strong>animo,</strong></span> <span class='ocrx_word' id='word_1_43' title='bbox 587 664 754 736; x_wconf 90' lang='lat' dir='ltr'><strong>temperare</strong></span> <span class='ocrx_word' id='word_1_44' title='bbox 767 656 861 719; x_wconf 86' lang='lat' dir='ltr'><strong>oculis</strong></span> <span class='ocrx_word' id='word_1_45' title='bbox 876 657 1042 736; x_wconf 84' lang='lat' dir='ltr'><strong>nequivisse</strong></span> 
     </span>
     <span class='ocr_line' id='line_1_7' title="bbox 69 736 1072 819; baseline 0.003 -21"><span class='ocrx_word' id='word_1_46' title='bbox 69 755 165 808; x_wconf 86' lang='lat' dir='ltr'><strong>eum,</strong></span> <span class='ocrx_word' id='word_1_47' title='bbox 187 736 294 799; x_wconf 87' lang='lat' dir='ltr'><strong>vidisse</strong></span> <span class='ocrx_word' id='word_1_48' title='bbox 311 745 378 818; x_wconf 90' lang='lat' dir='ltr'><strong>post</strong></span> <span class='ocrx_word' id='word_1_49' title='bbox 391 756 457 800; x_wconf 87' lang='lat' dir='ltr'><strong>sese</strong></span> <span class='ocrx_word' id='word_1_50' title='bbox 477 748 647 819; x_wconf 86' lang='lat' dir='ltr'><strong>serpentem</strong></span> <span class='ocrx_word' id='word_1_51' title='bbox 667 741 742 801; x_wconf 91' lang='lat' dir='ltr'><strong>mira</strong></span> <span class='ocrx_word' id='word_1_52' title='bbox 762 738 964 819; x_wconf 77' lang='lat' dir='ltr'><strong>magnitudine</strong></span> <span class='ocrx_word' id='word_1_53' title='bbox 977 747 1072 802; x_wconf 82' lang='lat' dir='ltr'><strong>cumt</strong></span> 
     </span>
     <span class='ocr_line' id='line_1_8' title="bbox 68 819 1041 906; baseline 0.002 -25"><span class='ocrx_word' id='word_1_54' title='bbox 68 822 195 899; x_wconf 79' lang='lat' dir='ltr'><strong>ingenti</strong></span> <span class='ocrx_word' id='word_1_55' title='bbox 210 819 350 883; x_wconf 90' lang='lat' dir='ltr'><strong>arborum</strong></span> <span class='ocrx_word' id='word_1_56' title='bbox 367 839 401 883; x_wconf 87' lang='lat' dir='ltr'><strong>ao</strong></span> <span class='ocrx_word' id='word_1_57' title='bbox 418 821 612 900; x_wconf 85' lang='lat' dir='ltr'><strong>virgultorum</strong></span> <span class='ocrx_word' id='word_1_58' title='bbox 623 831 723 901; x_wconf 81' lang='lat' dir='ltr'><strong>strage</strong></span> <span class='ocrx_word' id='word_1_59' title='bbox 735 823 810 906; x_wconf 62' lang='lat' dir='ltr'><strong>[affl</strong></span> <span class='ocrx_word' id='word_1_60' title='bbox 828 842 863 885; x_wconf 86' lang='lat' dir='ltr'><strong>ac</strong></span> <span class='ocrx_word' id='word_1_61' title='bbox 878 829 945 903; x_wconf 91' lang='lat' dir='ltr'><strong>post</strong></span> <span class='ocrx_word' id='word_1_62' title='bbox 964 824 1041 883; x_wconf 87' lang='lat' dir='ltr'><strong>inse·</strong></span> 
     </span>
     <span class='ocr_line' id='line_1_9' title="bbox 70 903 1071 987; baseline -0.001 -23"><span class='ocrx_word' id='word_1_63' title='bbox 70 905 130 984; x_wconf 93' lang='lat' dir='ltr'><strong>qui</strong></span> <span class='ocrx_word' id='word_1_64' title='bbox 143 903 342 982; x_wconf 88' lang='lat' dir='ltr'><strong>cumiragore</strong></span> <span class='ocrx_word' id='word_1_65' title='bbox 354 903 581 967; x_wconf 88' lang='lat' dir='ltr'><strong>caelinimbum.</strong></span> <span class='ocrx_word' id='word_1_66' title='bbox 611 903 1071 987; x_wconf 77' lang='lat' dir='ltr'><strong>tum,quaemoleseaqu1dvet</strong></span> 
     </span>
     <span class='ocr_line' id='line_1_10' title="bbox 71 985 1041 1068; baseline 0.003 -22"><span class='ocrx_word' id='word_1_67' title='bbox 71 985 211 1066; x_wconf 89' lang='lat' dir='ltr'><strong>prodigii</strong></span> <span class='ocrx_word' id='word_1_68' title='bbox 223 993 312 1058; x_wconf 89' lang='lat' dir='ltr'><strong>esset,</strong></span> <span class='ocrx_word' id='word_1_69' title='bbox 328 995 519 1068; x_wconf 88' lang='lat' dir='ltr'><strong>quaerentem</strong></span> <span class='ocrx_word' id='word_1_70' title='bbox 531 990 661 1061; x_wconf 87' lang='lat' dir='ltr'><strong>audisse,</strong></span> <span class='ocrx_word' id='word_1_71' title='bbox 676 991 840 1051; x_wconf 86' lang='lat' dir='ltr'><strong>vastitatem</strong></span> <span class='ocrx_word' id='word_1_72' title='bbox 850 987 951 1050; x_wconf 89' lang='lat' dir='ltr'><strong>ltaliae</strong></span> <span class='ocrx_word' id='word_1_73' title='bbox 962 1005 1041 1050; x_wconf 88' lang='lat' dir='ltr'><strong>esse:</strong></span> 
     </span>
     <span class='ocr_line' id='line_1_11' title="bbox 73 1071 1129 1209; baseline 0.003 -80"><span class='ocrx_word' id='word_1_74' title='bbox 73 1075 225 1148; x_wconf 88' lang='lat' dir='ltr'><strong>pergeret</strong></span> <span class='ocrx_word' id='word_1_75' title='bbox 236 1087 326 1148; x_wconf 92' lang='lat' dir='ltr'><strong>porro</strong></span> <span class='ocrx_word' id='word_1_76' title='bbox 340 1073 385 1133; x_wconf 88' lang='lat' dir='ltr'><strong>ire</strong></span> <span class='ocrx_word' id='word_1_77' title='bbox 399 1089 456 1133; x_wconf 88' lang='lat' dir='ltr'><strong>nec</strong></span> <span class='ocrx_word' id='word_1_78' title='bbox 471 1071 548 1134; x_wconf 88' lang='lat' dir='ltr'><strong>ultra</strong></span> <span class='ocrx_word' id='word_1_79' title='bbox 561 1074 727 1153; x_wconf 90' lang='lat' dir='ltr'><strong>inquireret</strong></span> <span class='ocrx_word' id='word_1_80' title='bbox 739 1074 908 1152; x_wconf 88' lang='lat' dir='ltr'><strong>sineretque</strong></span> <span class='ocrx_word' id='word_1_81' title='bbox 928 1071 987 1132; x_wconf 89' lang='lat' dir='ltr'><strong>iata</strong></span> <span class='ocrx_word' id='word_1_82' title='bbox 994 1073 1129 1209; x_wconf 69' lang='lat' dir='ltr'><strong>11ss</strong></span> 
     </span>
     <span class='ocr_line' id='line_1_12' title="bbox 74 1151 285 1214; baseline 0.014 -3"><span class='ocrx_word' id='word_1_83' title='bbox 74 1151 198 1213; x_wconf 89' lang='lat' dir='ltr'><strong>occulto</strong></span> <span class='ocrx_word' id='word_1_84' title='bbox 213 1169 285 1214; x_wconf 89' lang='lat' dir='ltr'><strong>esse.</strong></span> 
     </span>
    </p>

    <p class='ocr_par' dir='ltr' id='par_1_3' title="bbox 45 1234 1071 3481">
     <span class='ocr_line' id='line_1_13' title="bbox 143 1234 1068 1319; baseline -0.002 -22"><span class='ocrx_word' id='word_1_85' title='bbox 143 1234 246 1297; x_wconf 84' lang='lat' dir='ltr'><strong>xxiii.</strong></span> <span class='ocrx_word' id='word_1_86' title='bbox 296 1236 360 1299; x_wconf 91' lang='lat' dir='ltr'><strong>lloc</strong></span> <span class='ocrx_word' id='word_1_87' title='bbox 384 1238 447 1300; x_wconf 83' lang='lat' dir='ltr'><strong>visu</strong></span> <span class='ocrx_word' id='word_1_88' title='bbox 476 1237 571 1301; x_wconf 86' lang='lat' dir='ltr'><strong>iaetus</strong></span> <span class='ocrx_word' id='word_1_89' title='bbox 603 1240 751 1319; x_wconf 88' lang='lat' dir='ltr'><strong>tripertito</strong></span> <span class='ocrx_word' id='word_1_90' title='bbox 775 1239 918 1301; x_wconf 88' lang='lat' dir='ltr'><strong>Hiberum</strong></span> <span class='ocrx_word' id='word_1_91' title='bbox 944 1239 1068 1317; x_wconf 83' lang='lat' dir='ltr'><strong>copiast</strong></span> 
     </span>
     <span class='ocr_line' id='line_1_14' title="bbox 45 1319 1042 1401; baseline 0.008 -27"><span class='ocrx_word' id='word_1_92' title='bbox 45 1370 49 1374; x_wconf 85' lang='lat'>.</span> <span class='ocrx_word' id='word_1_93' title='bbox 76 1319 198 1380; x_wconf 87' lang='lat' dir='ltr'><strong>traiecit</strong></span> <span class='ocrx_word' id='word_1_94' title='bbox 206 1321 389 1399; x_wconf 89' lang='lat' dir='ltr'><strong>praemissis,</strong></span> <span class='ocrx_word' id='word_1_95' title='bbox 404 1322 455 1401; x_wconf 92' lang='lat' dir='ltr'><strong>qui</strong></span> <span class='ocrx_word' id='word_1_96' title='bbox 468 1320 618 1383; x_wconf 84' lang='lat' dir='ltr'><strong>Gallorum</strong></span> <span class='ocrx_word' id='word_1_97' title='bbox 629 1325 757 1392; x_wconf 94' lang='lat' dir='ltr'><strong>animos,</strong></span> <span class='ocrx_word' id='word_1_98' title='bbox 776 1341 833 1401; x_wconf 85' lang='lat' dir='ltr'><strong>qua</strong></span> <span class='ocrx_word' id='word_1_99' title='bbox 844 1320 1042 1384; x_wconf 88' lang='lat' dir='ltr'><strong>traducendus</strong></span> 
     </span>
     <span class='ocr_line' id='line_1_15' title="bbox 77 1403 1041 1485; baseline 0.003 -23"><span class='ocrx_word' id='word_1_100' title='bbox 77 1404 228 1464; x_wconf 86' lang='lat' dir='ltr'><strong>exercitus</strong></span> <span class='ocrx_word' id='word_1_101' title='bbox 239 1411 316 1474; x_wconf 89' lang='lat' dir='ltr'><strong>erat,</strong></span> <span class='ocrx_word' id='word_1_102' title='bbox 333 1403 420 1465; x_wconf 92' lang='lat' dir='ltr'><strong>donis</strong></span> <span class='ocrx_word' id='word_1_103' title='bbox 431 1404 623 1467; x_wconf 86' lang='lat' dir='ltr'><strong>conciliarent</strong></span> <span class='ocrx_word' id='word_1_104' title='bbox 631 1406 806 1485; x_wconf 80' lang='lat' dir='ltr'><strong>Alpiumque</strong></span> <span class='ocrx_word' id='word_1_105' title='bbox 821 1408 963 1468; x_wconf 90' lang='lat' dir='ltr'><strong>transitus</strong></span> <span class='ocrx_word' id='word_1_106' title='bbox 975 1422 1041 1485; x_wconf 86' lang='lat' dir='ltr'><strong>spe·</strong></span> 
     </span>
     <span class='ocr_line' id='line_1_16' title="bbox 77 1484 1041 1568; baseline 0.003 -22"><span class='ocrx_word' id='word_1_107' title='bbox 77 1484 262 1547; x_wconf 87' lang='lat' dir='ltr'><strong>oularentur.</strong></span> <span class='ocrx_word' id='word_1_108' title='bbox 284 1489 445 1566; x_wconf 88' lang='lat' dir='ltr'><strong>nonaginta</strong></span> <span class='ocrx_word' id='word_1_109' title='bbox 455 1487 537 1553; x_wconf 89' lang='lat' dir='ltr'><strong>milia</strong></span> <span class='ocrx_word' id='word_1_110' title='bbox 546 1488 688 1568; x_wconf 89' lang='lat' dir='ltr'><strong>peditum,</strong></span> <span class='ocrx_word' id='word_1_111' title='bbox 701 1488 857 1550; x_wconf 87' lang='lat' dir='ltr'><strong>duodecim</strong></span> <span class='ocrx_word' id='word_1_112' title='bbox 868 1488 948 1549; x_wconf 93' lang='lat' dir='ltr'><strong>milia</strong></span> <span class='ocrx_word' id='word_1_113' title='bbox 960 1489 1041 1568; x_wconf 84' lang='lat' dir='ltr'><strong>equi·</strong></span> 
     </span>
     <span class='ocr_line' id='line_1_17' title="bbox 78 1568 1071 1652; baseline -0.002 -23"><span class='ocrx_word' id='word_1_114' title='bbox 78 1575 144 1629; x_wconf 91' lang='lat' dir='ltr'><strong>tum</strong></span> <span class='ocrx_word' id='word_1_115' title='bbox 164 1568 308 1631; x_wconf 88' lang='lat' dir='ltr'><strong>Hiberum</strong></span> <span class='ocrx_word' id='word_1_116' title='bbox 330 1571 467 1633; x_wconf 83' lang='lat' dir='ltr'><strong>traduxit</strong></span> <span class='ocrx_word' id='word_1_117' title='bbox 510 1570 652 1651; x_wconf 87' lang='lat' dir='ltr'><strong>Ilergetes</strong></span> <span class='ocrx_word' id='word_1_118' title='bbox 674 1571 743 1633; x_wconf 90' lang='lat' dir='ltr'><strong>inde</strong></span> <span class='ocrx_word' id='word_1_119' title='bbox 769 1572 985 1652; x_wconf 83' lang='lat' dir='ltr'><strong>Bargusiosque</strong></span> <span class='ocrx_word' id='word_1_120' title='bbox 1010 1577 1071 1631; x_wconf 74' lang='lat' dir='ltr'><strong>eta</strong></span> 
     </span>
     <span class='ocr_line' id='line_1_18' title="bbox 79 1652 1041 1736; baseline 0.004 -25"><span class='ocrx_word' id='word_1_121' title='bbox 79 1652 243 1713; x_wconf 72' lang='lat' dir='ltr'><strong>Ausetanos</strong></span> <span class='ocrx_word' id='word_1_122' title='bbox 257 1659 287 1713; x_wconf 88' lang='lat' dir='ltr'><strong>et</strong></span> <span class='ocrx_word' id='word_1_123' title='bbox 306 1653 506 1726; x_wconf 86' lang='lat' dir='ltr'><strong>Lacetaniam,</strong></span> <span class='ocrx_word' id='word_1_124' title='bbox 526 1674 600 1735; x_wconf 91' lang='lat' dir='ltr'><strong>quae</strong></span> <span class='ocrx_word' id='word_1_125' title='bbox 616 1656 749 1718; x_wconf 87' lang='lat' dir='ltr'><strong>subiecta</strong></span> <span class='ocrx_word' id='word_1_126' title='bbox 759 1656 919 1736; x_wconf 80' lang='lat' dir='ltr'><strong>Pyrenaeis</strong></span> <span class='ocrx_word' id='word_1_127' title='bbox 933 1655 1041 1715; x_wconf 91' lang='lat' dir='ltr'><strong>monti·</strong></span> 
     </span>
     <span class='ocr_line' id='line_1_19' title="bbox 79 1733 1040 1819; baseline 0.008 -25"><span class='ocrx_word' id='word_1_128' title='bbox 79 1733 137 1795; x_wconf 90' lang='lat' dir='ltr'><strong>bus</strong></span> <span class='ocrx_word' id='word_1_129' title='bbox 156 1741 215 1802; x_wconf 87' lang='lat' dir='ltr'><strong>est,</strong></span> <span class='ocrx_word' id='word_1_130' title='bbox 237 1734 365 1814; x_wconf 89' lang='lat' dir='ltr'><strong>subegit,</strong></span> <span class='ocrx_word' id='word_1_131' title='bbox 380 1755 509 1817; x_wconf 90' lang='lat' dir='ltr'><strong>oraeque</strong></span> <span class='ocrx_word' id='word_1_132' title='bbox 523 1738 592 1800; x_wconf 91' lang='lat' dir='ltr'><strong>huic</strong></span> <span class='ocrx_word' id='word_1_133' title='bbox 606 1741 687 1801; x_wconf 91' lang='lat' dir='ltr'><strong>omni</strong></span> <span class='ocrx_word' id='word_1_134' title='bbox 701 1741 844 1819; x_wconf 79' lang='lat' dir='ltr'><strong>praefecit</strong></span> <span class='ocrx_word' id='word_1_135' title='bbox 855 1739 1040 1802; x_wconf 84' lang='lat' dir='ltr'><strong>Hannonem.</strong></span> 
     </span>
     <span class='ocr_line' id='line_1_20' title="bbox 80 1818 1041 1901; baseline 0.003 -25"><span class='ocrx_word' id='word_1_136' title='bbox 80 1824 115 1877; x_wconf 92' lang='lat' dir='ltr'><strong>ut</strong></span> <span class='ocrx_word' id='word_1_137' title='bbox 139 1818 255 1888; x_wconf 87' lang='lat' dir='ltr'><strong>fauces,</strong></span> <span class='ocrx_word' id='word_1_138' title='bbox 278 1837 353 1899; x_wconf 89' lang='lat' dir='ltr'><strong>quae</strong></span> <span class='ocrx_word' id='word_1_139' title='bbox 372 1821 528 1900; x_wconf 89' lang='lat' dir='ltr'><strong>Hispanias</strong></span> <span class='ocrx_word' id='word_1_140' title='bbox 548 1822 649 1885; x_wconf 87' lang='lat' dir='ltr'><strong>Galliis</strong></span> <span class='ocrx_word' id='word_1_141' title='bbox 673 1825 813 1901; x_wconf 90' lang='lat' dir='ltr'><strong>iungunt,</strong></span> <span class='ocrx_word' id='word_1_142' title='bbox 839 1823 871 1883; x_wconf 89' lang='lat' dir='ltr'><strong>in</strong></span> <span class='ocrx_word' id='word_1_143' title='bbox 895 1827 1041 1900; x_wconf 86' lang='lat' dir='ltr'><strong>potestate</strong></span> 
     </span>
     <span class='ocr_line' id='line_1_21' title="bbox 81 1901 1071 1984; baseline 0.001 -23"><span class='ocrx_word' id='word_1_144' title='bbox 81 1908 189 1962; x_wconf 90' lang='lat' dir='ltr'><strong>essent.</strong></span> <span class='ocrx_word' id='word_1_145' title='bbox 224 1901 324 1963; x_wconf 89' lang='lat' dir='ltr'><strong>decem</strong></span> <span class='ocrx_word' id='word_1_146' title='bbox 340 1903 420 1963; x_wconf 92' lang='lat' dir='ltr'><strong>milia</strong></span> <span class='ocrx_word' id='word_1_147' title='bbox 436 1904 568 1982; x_wconf 91' lang='lat' dir='ltr'><strong>peditum</strong></span> <span class='ocrx_word' id='word_1_148' title='bbox 582 1905 719 1966; x_wconf 90' lang='lat' dir='ltr'><strong>Hannoni</strong></span> <span class='ocrx_word' id='word_1_149' title='bbox 736 1905 773 1966; x_wconf 92' lang='lat' dir='ltr'><strong>ad</strong></span> <span class='ocrx_word' id='word_1_150' title='bbox 789 1905 968 1984; x_wconf 91' lang='lat' dir='ltr'><strong>praesidium</strong></span> <span class='ocrx_word' id='word_1_151' title='bbox 989 1902 1071 1965; x_wconf 75' lang='lat' dir='ltr'><strong>obt</strong></span> 
     </span>
     <span class='ocr_line' id='line_1_22' title="bbox 81 1984 1069 2066; baseline -0.001 -22"><span class='ocrx_word' id='word_1_152' title='bbox 81 1984 219 2046; x_wconf 89' lang='lat' dir='ltr'><strong>tinendae</strong></span> <span class='ocrx_word' id='word_1_153' title='bbox 233 1987 362 2064; x_wconf 87' lang='lat' dir='ltr'><strong>regionis</strong></span> <span class='ocrx_word' id='word_1_154' title='bbox 380 1986 447 2046; x_wconf 90' lang='lat' dir='ltr'><strong>data</strong></span> <span class='ocrx_word' id='word_1_155' title='bbox 462 1994 492 2047; x_wconf 89' lang='lat' dir='ltr'><strong>et</strong></span> <span class='ocrx_word' id='word_1_156' title='bbox 503 1984 584 2051; x_wconf 90' lang='lat' dir='ltr'><strong>mille</strong></span> <span class='ocrx_word' id='word_1_157' title='bbox 599 1988 720 2066; x_wconf 88' lang='lat' dir='ltr'><strong>equites.</strong></span> <span class='ocrx_word' id='word_1_158' title='bbox 746 1994 900 2066; x_wconf 89' lang='lat' dir='ltr'><strong>postquam</strong></span> <span class='ocrx_word' id='word_1_159' title='bbox 915 2004 969 2064; x_wconf 91' lang='lat' dir='ltr'><strong>per</strong></span> <span class='ocrx_word' id='word_1_160' title='bbox 983 1986 1069 2064; x_wconf 67' lang='lat' dir='ltr'><strong>Ppa</strong></span> 
     </span>
     <span class='ocr_line' id='line_1_23' title="bbox 82 2068 1040 2148; baseline -0.001 -19"><span class='ocrx_word' id='word_1_161' title='bbox 82 2085 223 2131; x_wconf 91' lang='lat' dir='ltr'><strong>renaeum</strong></span> <span class='ocrx_word' id='word_1_162' title='bbox 239 2069 345 2130; x_wconf 90' lang='lat' dir='ltr'><strong>saltum</strong></span> <span class='ocrx_word' id='word_1_163' title='bbox 368 2068 482 2130; x_wconf 87' lang='lat' dir='ltr'><strong>traduci</strong></span> <span class='ocrx_word' id='word_1_164' title='bbox 498 2071 642 2132; x_wconf 89' lang='lat' dir='ltr'><strong>exercitus</strong></span> <span class='ocrx_word' id='word_1_165' title='bbox 659 2078 704 2131; x_wconf 89' lang='lat' dir='ltr'><strong>est</strong></span> <span class='ocrx_word' id='word_1_166' title='bbox 722 2076 859 2148; x_wconf 85' lang='lat' dir='ltr'><strong>coeptus,</strong></span> <span class='ocrx_word' id='word_1_167' title='bbox 879 2084 1040 2148; x_wconf 89' lang='lat' dir='ltr'><strong>rumorque</strong></span> 
     </span>
     <span class='ocr_line' id='line_1_24' title="bbox 81 2149 1041 2230; baseline -0.002 -19"><span class='ocrx_word' id='word_1_168' title='bbox 81 2169 135 2230; x_wconf 93' lang='lat' dir='ltr'><strong>per</strong></span> <span class='ocrx_word' id='word_1_169' title='bbox 154 2151 298 2214; x_wconf 90' lang='lat' dir='ltr'><strong>barbaros</strong></span> <span class='ocrx_word' id='word_1_170' title='bbox 313 2154 443 2214; x_wconf 86' lang='lat' dir='ltr'><strong>manavit</strong></span> <span class='ocrx_word' id='word_1_171' title='bbox 460 2155 568 2214; x_wconf 89' lang='lat' dir='ltr'><strong>certior</strong></span> <span class='ocrx_word' id='word_1_172' title='bbox 585 2153 622 2212; x_wconf 89' lang='lat' dir='ltr'><strong>de</strong></span> <span class='ocrx_word' id='word_1_173' title='bbox 635 2152 714 2214; x_wconf 91' lang='lat' dir='ltr'><strong>bello</strong></span> <span class='ocrx_word' id='word_1_174' title='bbox 726 2153 874 2222; x_wconf 87' lang='lat' dir='ltr'><strong>Romano,</strong></span> <span class='ocrx_word' id='word_1_175' title='bbox 889 2151 946 2211; x_wconf 90' lang='lat' dir='ltr'><strong>tria</strong></span> <span class='ocrx_word' id='word_1_176' title='bbox 959 2149 1041 2209; x_wconf 89' lang='lat' dir='ltr'><strong>milia</strong></span> 
     </span>
     <span class='ocr_line' id='line_1_25' title="bbox 82 2230 1042 2315; baseline -0.004 -20"><span class='ocrx_word' id='word_1_177' title='bbox 82 2235 151 2295; x_wconf 89' lang='lat' dir='ltr'><strong>inde</strong></span> <span class='ocrx_word' id='word_1_178' title='bbox 172 2235 404 2315; x_wconf 83' lang='lat' dir='ltr'><strong>Carpetanorum</strong></span> <span class='ocrx_word' id='word_1_179' title='bbox 429 2236 561 2314; x_wconf 89' lang='lat' dir='ltr'><strong>peditum</strong></span> <span class='ocrx_word' id='word_1_180' title='bbox 589 2238 650 2296; x_wconf 91' lang='lat' dir='ltr'><strong>iter</strong></span> <span class='ocrx_word' id='word_1_181' title='bbox 668 2242 847 2296; x_wconf 83' lang='lat' dir='ltr'><strong>averterunt.</strong></span> <span class='ocrx_word' id='word_1_182' title='bbox 888 2230 1042 2294; x_wconf 83' lang='lat' dir='ltr'><strong>constabat</strong></span> 
     </span>
     <span class='ocr_line' id='line_1_26' title="bbox 84 2317 1040 2400; baseline -0.002 -23"><span class='ocrx_word' id='word_1_183' title='bbox 84 2336 143 2378; x_wconf 92' lang='lat' dir='ltr'><strong>non</strong></span> <span class='ocrx_word' id='word_1_184' title='bbox 164 2324 224 2378; x_wconf 90' lang='lat' dir='ltr'><strong>tam</strong></span> <span class='ocrx_word' id='word_1_185' title='bbox 244 2317 323 2379; x_wconf 90' lang='lat' dir='ltr'><strong>bello</strong></span> <span class='ocrx_word' id='word_1_186' title='bbox 344 2325 441 2379; x_wconf 91' lang='lat' dir='ltr'><strong>motos</strong></span> <span class='ocrx_word' id='word_1_187' title='bbox 460 2337 549 2400; x_wconf 87' lang='lat' dir='ltr'><strong>quam</strong></span> <span class='ocrx_word' id='word_1_188' title='bbox 569 2317 783 2399; x_wconf 85' lang='lat' dir='ltr'><strong>longinquitate</strong></span> <span class='ocrx_word' id='word_1_189' title='bbox 803 2319 867 2380; x_wconf 83' lang='lat' dir='ltr'><strong>viae</strong></span> <span class='ocrx_word' id='word_1_190' title='bbox 885 2318 1040 2397; x_wconf 85' lang='lat' dir='ltr'><strong>insupera-</strong></span> 
     </span>
     <span class='ocr_line' id='line_1_27' title="bbox 84 2400 1067 2482; baseline -0.005 -21"><span class='ocrx_word' id='word_1_191' title='bbox 84 2400 191 2480; x_wconf 87' lang='lat' dir='ltr'><strong>bilique</strong></span> <span class='ocrx_word' id='word_1_192' title='bbox 204 2400 321 2482; x_wconf 79' lang='lat' dir='ltr'><strong>Alpium</strong></span> <span class='ocrx_word' id='word_1_193' title='bbox 344 2403 478 2464; x_wconf 91' lang='lat' dir='ltr'><strong>transitu.</strong></span> <span class='ocrx_word' id='word_1_194' title='bbox 506 2401 668 2474; x_wconf 90' lang='lat' dir='ltr'><strong>llannibal,</strong></span> <span class='ocrx_word' id='word_1_195' title='bbox 690 2403 757 2482; x_wconf 89' lang='lat' dir='ltr'><strong>quia</strong></span> <span class='ocrx_word' id='word_1_196' title='bbox 779 2417 920 2463; x_wconf 86' lang='lat' dir='ltr'><strong>revocare</strong></span> <span class='ocrx_word' id='word_1_197' title='bbox 941 2406 991 2462; x_wconf 91' lang='lat' dir='ltr'><strong>aut</strong></span> <span class='ocrx_word' id='word_1_198' title='bbox 1012 2400 1067 2459; x_wconf 77' lang='lat' dir='ltr'><strong>riti</strong></span> 
     </span>
     <span class='ocr_line' id='line_1_28' title="bbox 84 2480 1041 2565; baseline 0 -21"><span class='ocrx_word' id='word_1_199' title='bbox 84 2485 210 2546; x_wconf 88' lang='lat' dir='ltr'><strong>retinere</strong></span> <span class='ocrx_word' id='word_1_200' title='bbox 223 2503 274 2546; x_wconf 88' lang='lat' dir='ltr'><strong>eos</strong></span> <span class='ocrx_word' id='word_1_201' title='bbox 284 2504 393 2565; x_wconf 89' lang='lat' dir='ltr'><strong>anceps</strong></span> <span class='ocrx_word' id='word_1_202' title='bbox 405 2493 483 2559; x_wconf 89' lang='lat' dir='ltr'><strong>erat,</strong></span> <span class='ocrx_word' id='word_1_203' title='bbox 495 2503 534 2548; x_wconf 90' lang='lat' dir='ltr'><strong>ne</strong></span> <span class='ocrx_word' id='word_1_204' title='bbox 546 2493 714 2548; x_wconf 85' lang='lat' dir='ltr'><strong>ceterorum</strong></span> <span class='ocrx_word' id='word_1_205' title='bbox 725 2487 812 2547; x_wconf 89' lang='lat' dir='ltr'><strong>etiam</strong></span> <span class='ocrx_word' id='word_1_206' title='bbox 823 2485 938 2547; x_wconf 81' lang='lat' dir='ltr'><strong>feroces</strong></span> <span class='ocrx_word' id='word_1_207' title='bbox 949 2480 1041 2545; x_wconf 89' lang='lat' dir='ltr'><strong>animi</strong></span> 
     </span>
     <span class='ocr_line' id='line_1_29' title="bbox 84 2568 1068 2651; baseline -0.002 -23"><span class='ocrx_word' id='word_1_208' title='bbox 84 2568 287 2640; x_wconf 80' lang='lat' dir='ltr'><strong>irritarentur,</strong></span> <span class='ocrx_word' id='word_1_209' title='bbox 303 2588 393 2649; x_wconf 89' lang='lat' dir='ltr'><strong>supra</strong></span> <span class='ocrx_word' id='word_1_210' title='bbox 404 2578 517 2651; x_wconf 87' lang='lat' dir='ltr'><strong>septem</strong></span> <span class='ocrx_word' id='word_1_211' title='bbox 531 2569 611 2631; x_wconf 92' lang='lat' dir='ltr'><strong>milia</strong></span> <span class='ocrx_word' id='word_1_212' title='bbox 628 2570 780 2632; x_wconf 90' lang='lat' dir='ltr'><strong>hominum</strong></span> <span class='ocrx_word' id='word_1_213' title='bbox 798 2568 901 2630; x_wconf 90' lang='lat' dir='ltr'><strong>domos</strong></span> <span class='ocrx_word' id='word_1_214' title='bbox 915 2568 1068 2638; x_wconf 72' lang='lat' dir='ltr'><strong>remisiti</strong></span> 
     </span>
     <span class='ocr_line' id='line_1_30' title="bbox 86 2653 1039 2733; baseline -0.001 -20"><span class='ocrx_word' id='word_1_215' title='bbox 86 2670 155 2731; x_wconf 88' lang='lat' dir='ltr'><strong>quos</strong></span> <span class='ocrx_word' id='word_1_216' title='bbox 168 2658 198 2712; x_wconf 90' lang='lat' dir='ltr'><strong>et</strong></span> <span class='ocrx_word' id='word_1_217' title='bbox 211 2653 275 2729; x_wconf 89' lang='lat' dir='ltr'><strong>ipse</strong></span> <span class='ocrx_word' id='word_1_218' title='bbox 292 2655 408 2732; x_wconf 86' lang='lat' dir='ltr'><strong>gravari</strong></span> <span class='ocrx_word' id='word_1_219' title='bbox 429 2653 532 2715; x_wconf 89' lang='lat' dir='ltr'><strong>militia</strong></span> <span class='ocrx_word' id='word_1_220' title='bbox 553 2662 700 2725; x_wconf 88' lang='lat' dir='ltr'><strong>senserat,</strong></span> <span class='ocrx_word' id='word_1_221' title='bbox 724 2654 903 2733; x_wconf 81' lang='lat' dir='ltr'><strong>Carpetanos</strong></span> <span class='ocrx_word' id='word_1_222' title='bbox 921 2670 1039 2733; x_wconf 89' lang='lat' dir='ltr'><strong>quoque</strong></span> 
     </span>
     <span class='ocr_line' id='line_1_31' title="bbox 86 2733 1067 2813; baseline -0.002 -19"><span class='ocrx_word' id='word_1_223' title='bbox 86 2733 121 2795; x_wconf 90' lang='lat' dir='ltr'><strong>ab</strong></span> <span class='ocrx_word' id='word_1_224' title='bbox 142 2753 173 2794; x_wconf 91' lang='lat' dir='ltr'><strong>se</strong></span> <span class='ocrx_word' id='word_1_225' title='bbox 195 2734 329 2801; x_wconf 88' lang='lat' dir='ltr'><strong>dimissos</strong></span> <span class='ocrx_word' id='word_1_226' title='bbox 349 2737 499 2799; x_wconf 90' lang='lat' dir='ltr'><strong>simulans.</strong></span> <span class='ocrx_word' id='word_1_227' title='bbox 548 2737 647 2798; x_wconf 84' lang='lat' dir='ltr'>XXIV.</span> <span class='ocrx_word' id='word_1_228' title='bbox 678 2737 764 2808; x_wconf 86' lang='lat' dir='ltr'><strong>lude,</strong></span> <span class='ocrx_word' id='word_1_229' title='bbox 786 2755 824 2798; x_wconf 90' lang='lat' dir='ltr'><strong>ne</strong></span> <span class='ocrx_word' id='word_1_230' title='bbox 844 2754 930 2798; x_wconf 90' lang='lat' dir='ltr'><strong>mora</strong></span> <span class='ocrx_word' id='word_1_231' title='bbox 953 2741 1067 2813; x_wconf 88' lang='lat' dir='ltr'><strong>atquet</strong></span> 
     </span>
     <span class='ocr_line' id='line_1_32' title="bbox 88 2816 1040 2898; baseline -0.003 -21"><span class='ocrx_word' id='word_1_232' title='bbox 88 2818 173 2877; x_wconf 78' lang='lat' dir='ltr'><strong>edum</strong></span> <span class='ocrx_word' id='word_1_233' title='bbox 190 2816 304 2879; x_wconf 87' lang='lat' dir='ltr'><strong>animos</strong></span> <span class='ocrx_word' id='word_1_234' title='bbox 317 2817 501 2891; x_wconf 88' lang='lat' dir='ltr'><strong>sollicitaret,</strong></span> <span class='ocrx_word' id='word_1_235' title='bbox 523 2838 589 2880; x_wconf 89' lang='lat' dir='ltr'><strong>oum</strong></span> <span class='ocrx_word' id='word_1_236' title='bbox 604 2819 725 2898; x_wconf 90' lang='lat' dir='ltr'><strong>reliquis</strong></span> <span class='ocrx_word' id='word_1_237' title='bbox 741 2821 833 2896; x_wconf 90' lang='lat' dir='ltr'><strong>copiis</strong></span> <span class='ocrx_word' id='word_1_238' title='bbox 853 2820 1040 2896; x_wconf 80' lang='lat' dir='ltr'><strong>Pyrenaeum</strong></span> 
     </span>
     <span class='ocr_line' id='line_1_33' title="bbox 87 2895 1067 2981; baseline -0.005 -23"><span class='ocrx_word' id='word_1_239' title='bbox 87 2895 298 2974; x_wconf 89' lang='lat' dir='ltr'><strong>transgreditur</strong></span> <span class='ocrx_word' id='word_1_240' title='bbox 320 2909 349 2960; x_wconf 88' lang='lat' dir='ltr'><strong>et</strong></span> <span class='ocrx_word' id='word_1_241' title='bbox 371 2901 407 2962; x_wconf 91' lang='lat' dir='ltr'><strong>ad</strong></span> <span class='ocrx_word' id='word_1_242' title='bbox 429 2903 568 2981; x_wconf 91' lang='lat' dir='ltr'><strong>oppidum</strong></span> <span class='ocrx_word' id='word_1_243' title='bbox 589 2901 706 2963; x_wconf 90' lang='lat' dir='ltr'><strong>iliberri</strong></span> <span class='ocrx_word' id='word_1_244' title='bbox 726 2908 820 2961; x_wconf 88' lang='lat' dir='ltr'><strong>eastra</strong></span> <span class='ocrx_word' id='word_1_245' title='bbox 842 2898 930 2959; x_wconf 78' lang='lat' dir='ltr'><strong>locat</strong></span> <span class='ocrx_word' id='word_1_246' title='bbox 963 2896 1067 2958; x_wconf 80' lang='lat' dir='ltr'><strong>Gallie</strong></span> 
     </span>
     <span class='ocr_line' id='line_1_34' title="bbox 89 2980 1039 3061; baseline -0.001 -21"><span class='ocrx_word' id='word_1_247' title='bbox 89 2997 259 3061; x_wconf 89' lang='lat' dir='ltr'><strong>quamquam</strong></span> <span class='ocrx_word' id='word_1_248' title='bbox 273 2980 373 3042; x_wconf 88' lang='lat' dir='ltr'><strong>ltaliae</strong></span> <span class='ocrx_word' id='word_1_249' title='bbox 388 2982 495 3045; x_wconf 90' lang='lat' dir='ltr'><strong>bellum</strong></span> <span class='ocrx_word' id='word_1_250' title='bbox 518 2986 623 3047; x_wconf 89' lang='lat' dir='ltr'><strong>inierri</strong></span> <span class='ocrx_word' id='word_1_251' title='bbox 641 2983 813 3053; x_wconf 88' lang='lat' dir='ltr'><strong>audiebant,</strong></span> <span class='ocrx_word' id='word_1_252' title='bbox 833 2990 948 3050; x_wconf 89' lang='lat' dir='ltr'><strong>tamen,</strong></span> <span class='ocrx_word' id='word_1_253' title='bbox 972 2981 1039 3059; x_wconf 91' lang='lat' dir='ltr'><strong>quia</strong></span> 
     </span>
     <span class='ocr_line' id='line_1_35' title="bbox 88 3063 1067 3147; baseline -0.002 -22"><span class='ocrx_word' id='word_1_254' title='bbox 88 3063 261 3126; x_wconf 87' lang='lat' dir='ltr'><strong>risubaotos</strong></span> <span class='ocrx_word' id='word_1_255' title='bbox 280 3071 362 3126; x_wconf 89' lang='lat' dir='ltr'><strong>trans</strong></span> <span class='ocrx_word' id='word_1_256' title='bbox 376 3065 558 3143; x_wconf 77' lang='lat' dir='ltr'><strong>Pyrenaeum</strong></span> <span class='ocrx_word' id='word_1_257' title='bbox 572 3069 717 3147; x_wconf 87' lang='lat' dir='ltr'><strong>Hispanos</strong></span> <span class='ocrx_word' id='word_1_258' title='bbox 742 3067 820 3129; x_wconf 88' lang='lat' dir='ltr'><strong>lama</strong></span> <span class='ocrx_word' id='word_1_259' title='bbox 840 3072 905 3126; x_wconf 90' lang='lat' dir='ltr'><strong>erat</strong></span> <span class='ocrx_word' id='word_1_260' title='bbox 925 3064 1037 3143; x_wconf 91' lang='lat' dir='ltr'><strong>praesi·</strong></span> <span class='ocrx_word' id='word_1_261' title='bbox 1064 3096 1067 3103; x_wconf 33' lang='grc' dir='ltr'><em>ι</em></span> 
     </span>
     <span class='ocr_line' id='line_1_36' title="bbox 90 3147 1036 3230; baseline -0.004 -21"><span class='ocrx_word' id='word_1_262' title='bbox 90 3148 187 3230; x_wconf 83' lang='lat' dir='ltr'><strong>dieque</strong></span> <span class='ocrx_word' id='word_1_263' title='bbox 202 3147 296 3209; x_wconf 86' lang='lat' dir='ltr'><strong>valida</strong></span> <span class='ocrx_word' id='word_1_264' title='bbox 308 3149 449 3227; x_wconf 88' lang='lat' dir='ltr'><strong>inposita,</strong></span> <span class='ocrx_word' id='word_1_265' title='bbox 462 3161 543 3211; x_wconf 89' lang='lat' dir='ltr'><strong>metu</strong></span> <span class='ocrx_word' id='word_1_266' title='bbox 553 3152 700 3211; x_wconf 83' lang='lat' dir='ltr'><strong>servitutis</strong></span> <span class='ocrx_word' id='word_1_267' title='bbox 711 3150 835 3211; x_wconf 91' lang='lat' dir='ltr'><strong>adarma</strong></span> <span class='ocrx_word' id='word_1_268' title='bbox 846 3148 1036 3217; x_wconf 89' lang='lat' dir='ltr'><strong>consternati,</strong></span> 
     </span>
     <span class='ocr_line' id='line_1_37' title="bbox 90 3230 1065 3313; baseline -0.005 -20"><span class='ocrx_word' id='word_1_269' title='bbox 90 3232 279 3294; x_wconf 81' lang='lat' dir='ltr'><strong>Ruscinonem</strong></span> <span class='ocrx_word' id='word_1_270' title='bbox 301 3231 412 3312; x_wconf 90' lang='lat' dir='ltr'><strong>aliquot</strong></span> <span class='ocrx_word' id='word_1_271' title='bbox 434 3232 536 3312; x_wconf 93' lang='lat' dir='ltr'><strong>populi</strong></span> <span class='ocrx_word' id='word_1_272' title='bbox 549 3235 737 3294; x_wconf 85' lang='lat' dir='ltr'><strong>conveniunt.</strong></span> <span class='ocrx_word' id='word_1_273' title='bbox 768 3231 847 3313; x_wconf 92' lang='lat' dir='ltr'><strong>quod</strong></span> <span class='ocrx_word' id='word_1_274' title='bbox 861 3230 914 3292; x_wconf 90' lang='lat' dir='ltr'><strong>ubi</strong></span> <span class='ocrx_word' id='word_1_275' title='bbox 927 3230 1065 3292; x_wconf 80' lang='lat' dir='ltr'><strong>Hanni-a</strong></span> 
     </span>
     <span class='ocr_line' id='line_1_38' title="bbox 91 3314 1036 3397; baseline -0.002 -22"><span class='ocrx_word' id='word_1_276' title='bbox 91 3314 143 3376; x_wconf 89' lang='lat' dir='ltr'><strong>bali</strong></span> <span class='ocrx_word' id='word_1_277' title='bbox 156 3318 320 3379; x_wconf 85' lang='lat' dir='ltr'><strong>nuntiatum</strong></span> <span class='ocrx_word' id='word_1_278' title='bbox 336 3324 393 3388; x_wconf 90' lang='lat' dir='ltr'><strong>est,</strong></span> <span class='ocrx_word' id='word_1_279' title='bbox 419 3333 533 3378; x_wconf 85' lang='lat' dir='ltr'><strong>moram</strong></span> <span class='ocrx_word' id='word_1_280' title='bbox 547 3318 640 3396; x_wconf 89' lang='lat' dir='ltr'><strong>magis</strong></span> <span class='ocrx_word' id='word_1_281' title='bbox 659 3334 747 3397; x_wconf 91' lang='lat' dir='ltr'><strong>quarn</strong></span> <span class='ocrx_word' id='word_1_282' title='bbox 767 3315 878 3377; x_wconf 90' lang='lat' dir='ltr'><strong>beilum</strong></span> <span class='ocrx_word' id='word_1_283' title='bbox 892 3321 1036 3385; x_wconf 88' lang='lat' dir='ltr'><strong>metuens,</strong></span> 
     </span>
     <span class='ocr_line' id='line_1_39' title="bbox 93 3399 1038 3481; baseline 0.002 -23"><span class='ocrx_word' id='word_1_284' title='bbox 93 3407 213 3462; x_wconf 91' lang='lat' dir='ltr'><strong>oratores</strong></span> <span class='ocrx_word' id='word_1_285' title='bbox 234 3401 270 3462; x_wconf 93' lang='lat' dir='ltr'><strong>ad</strong></span> <span class='ocrx_word' id='word_1_286' title='bbox 291 3400 410 3480; x_wconf 88' lang='lat' dir='ltr'><strong>regulos</strong></span> <span class='ocrx_word' id='word_1_287' title='bbox 432 3418 534 3463; x_wconf 89' lang='lat' dir='ltr'><strong>eornm</strong></span> <span class='ocrx_word' id='word_1_288' title='bbox 554 3403 648 3471; x_wconf 91' lang='lat' dir='ltr'><strong>misit,</strong></span> <span class='ocrx_word' id='word_1_289' title='bbox 670 3399 806 3481; x_wconf 90' lang='lat' dir='ltr'><strong>conloqui</strong></span> <span class='ocrx_word' id='word_1_290' title='bbox 827 3405 923 3460; x_wconf 90' lang='lat' dir='ltr'><strong>semet</strong></span> <span class='ocrx_word' id='word_1_291' title='bbox 941 3399 1038 3479; x_wconf 84' lang='lat' dir='ltr'><strong>ipsum</strong></span> 
     </span>
    </p>
   </div>
   <div class='ocr_carea' id='block_1_3' title="bbox 0 0 1326 4067">
    <p class='ocr_par' dir='ltr' id='par_1_4' title="bbox 0 0 1326 4067">
     <span class='ocr_line' id='line_1_40' title="bbox 0 0 1326 4067; baseline 0 0"><span class='ocrx_word' id='word_1_292' title='bbox 0 0 1326 4067; x_wconf 95' lang='lat' dir='ltr'><strong> </strong></span> 
     </span>
    </p>
   </div>
  </div>
 </body>
</html>
