2575 4067
240 239 302 301 lta
393 251 486 294 41444
500 252 544 293 11.
557 249 625 292 444.
640 235 686 291 43.
696 235 741 285 44.
762 224 802 309 [a.
814 248 845 289 u.
862 248 888 289 c.
903 232 964 284 449.
979 222 1044 305 too]

198 397 360 481 1444141144
375 399 499 480 inpensa
520 398 623 458 144144.
653 404 683 457 41
703 413 771 456 cum
786 392 1077 473 Carthaginiensibus
1099 393 1205 456 eodem

241 500 318 545 anno
332 482 436 544 foedus
449 483 538 543 tertio
549 487 735 550 renovatum,
754 478 915 558 legatisque
926 496 1044 548 eorum,
1061 478 1112 556 qui
1122 476 1160 537 ad
1174 478 1205 539 id

240 572 393 636 venerant,
413 567 537 626 comiter
552 580 676 624 munera
690 563 788 623 missa.

214 659 226 708 1
303 648 399 710 XLIV.
438 649 618 715 [dictatorem
639 645 720 706 idem
740 663 834 706 annus
853 642 958 705 habuit
977 644 1010 706 P.
1034 643 1204 706 Cornelium

212 735 409 812 1841414444]
426 749 493 793 cum
508 730 649 809 magistro
666 730 798 806 equitum
812 728 846 788 P.
859 726 950 789 Decio
966 727 1060 789 liure.
1096 727 1203 804 abhis,

241 828 364 901 4444144
380 833 456 895 4444
472 817 564 876 444411
579 821 672 880 erant,
696 814 814 874 comitia
829 812 994 874 consularia
1009 813 1123 895 habita,
1137 817 1205 895 quia

242 911 348 965 neuter
369 898 522 962 consulum
545 904 705 977 potuerant
732 894 811 956 bello
832 894 948 956 4144444.
982 897 1073 958 444411
1095 916 1203 959 consu·

212 986 283 1049 11144
305 986 338 1046 L.
354 984 522 1044 Postumius
537 981 581 1041 Ti.
598 980 752 1040 Minucius.
782 979 836 1040 hos
851 977 988 1040 consules
1010 980 1077 1041 Piso
1093 980 1130 1051 0.
1146 982 1201 1043 Pa·
1284 1009 1285 1012 ¹

240 1070 289 1132 1414
312 1075 342 1127 41
356 1067 388 1126 P.
403 1066 493 1126 Decio
507 1065 640 1141 suggerit
654 1062 775 1124 biennio
798 1072 947 1139 exempto,
970 1082 1029 1142 quo
1046 1063 1202 1126 Claudium

244 1152 490 1232 Volumniumque
510 1160 539 1214 et
555 1149 724 1215 Cornelium
749 1167 816 1211 cum
830 1148 941 1212 Marcio
962 1148 1098 1211 consules
1112 1149 1205 1212 iactos

215 1237 426 1299 ttradidimus.
462 1236 645 1298 memoriane
666 1233 776 1310 fugerit
800 1234 833 1294 14
856 1231 1010 1295 4444111444
1035 1233 1206 1314 digerendis

244 1339 282 1383 44
303 1320 436 1382 44444114
457 1319 544 1381 141444
564 1316 824 1388 44444144,141444
853 1325 949 1387 ratus,
977 1316 1203 1386 transcenderit,

118 1473 121 1482 .
244 1405 391 1465 incertum
406 1411 460 1464 est.

214 1492 233 1545 1
305 1487 417 1548 Eodem
433 1503 511 1547 anno
524 1486 554 1545 in
572 1503 709 1566 campum
722 1482 872 1547 Stellatem
887 1485 951 1563 4441
965 1484 1106 1563 Campani
1121 1485 1204 1546 Sam·

243 1572 350 1632 uitium
363 1570 548 1629 incursiones
561 1568 665 1631 144144.
695 1570 795 1649 itaque
810 1566 899 1630 amlio
921 1566 1056 1629 eonsules
1070 1568 1100 1627 in
1119 1567 1204 1628 Sam·

218 1655 327 1714 onium
341 1653 433 1713 missi.
465 1670 533 1712 cum
544 1651 673 1714 diuersas
684 1654 835 1731 regiones,
855 1651 1010 1713 Tifernum
1026 1650 1203 1712 Postumius.

243 1735 405 1797 Bovianum
419 1735 564 1796 Minucius
578 1737 713 1814 petisset,
740 1736 873 1799 Postumi
892 1736 974 1816 prius
997 1734 1087 1796 ductu
1102 1733 1140 1796 ad
1154 1734 1204 1796 'Pi-

215 1817 361 1879 'tier-num
385 1825 557 1898 pugnatum.
596 1816 644 1879 alii
668 1818 748 1881 haud
774 1819 862 1881 dubie
883 1819 1029 1881 Samnites
1052 1820 1146 1879 victos
1171 1835 1205 1880 44

216 1902 346 1981 triginti
364 1900 445 1963 milia
470 1901 624 1963 hominum
651 1911 736 1982 capta
764 1903 897 1975 tradunt,
925 1901 975 1963 alii
988 1902 1081 1964 114414
1109 1919 1205 1983 aeque

244 1986 418 2056 discessum,
434 1993 464 2047 et
477 1985 661 2048 Postumium
675 1995 787 2049 metum
798 1987 983 2048 simulantem
999 1993 1144 2047 nocturno
1157 1987 1202 2047 iti·

244 2087 316 2131 nere
331 2069 406 2131 elam
419 2070 452 2130 14
467 2078 583 2131 montes
597 2071 697 2151 copias
712 2070 884 2144 abduxisse,
899 2071 1000 2132 hostes
1014 2078 1133 2131 secutos
1147 2070 1205 2132 duo

215 2153 321 2216 emita
343 2154 413 2215 inde
433 2152 508 2215 locis
528 2155 648 2216 munitis
668 2161 698 2215 et
725 2156 807 2235 ipsos
830 2153 1007 2217 consedisse.
1048 2152 1206 2215 consulut

243 2239 422 2302 41411441414
438 2238 614 2319 copiosaque
633 2271 670 2283 —
691 2246 720 2300 41
741 2241 781 2300 114
795 2246 880 2300 erant
902 2273 937 2284 —
962 2239 1070 2319 petisse
1090 2237 1205 2300 videre·

244 2330 301 2394 tur,
316 2331 472 2404 postquam
488 2322 1204 2401 41444144441144441441144444114144414444·

205 2411 236 2463 1ο
246 2415 312 2467 4414
333 2425 434 2467 rerum
455 2404 571 2466 utilium
587 2407 741 2476 instruxit,
768 2404 871 2468 relicto
891 2406 977 2467 114444
1000 2404 1149 2485 praesidio
1168 2405 1205 2467 de

243 2487 340 2566 vigilia
356 2490 459 2560 tertia,
476 2506 534 2569 qua
548 2488 616 2550 4441
628 2491 764 2567 proxime
778 2496 890 2570 potest,
907 2488 1057 2568 expeditas
1071 2488 1205 2569 legiones

204 2574 233 2626 11
246 2571 283 2632 44
298 2569 440 2648 collegam
453 2579 482 2632 41
500 2572 598 2652 ipsum
620 2572 759 2634 44444444
779 2571 850 2634 41144
871 2573 1025 2636 sedentem
1045 2572 1136 2636 ducit.
1163 2572 1205 2634 1141

245 2659 365 2713 4441444
380 2653 528 2714 Postumio
543 2655 689 2716 Minucius
704 2674 772 2716 cum
786 2656 920 2719 hostibus
934 2657 1020 2737 signa
1034 2656 1159 2736 confert,
1175 2665 1205 2718 et

245 2753 313 2797 cum
335 2752 445 2815 anceps
467 2734 613 2815 proelium
633 2739 666 2798 14
681 2737 806 2802 multum
832 2740 891 2803 diei
907 2741 1114 2822 processisset.
1140 2747 1204 2802 tum

244 2819 413 2882 Postumius
423 2819 547 2899 integris
556 2820 723 2900 legionibus
734 2823 880 2887 defessam
891 2826 950 2886 lam
965 2823 1059 2885 aciem
1074 2823 1203 2887 hostium

204 2912 235 2962 12
245 2904 393 2985 inproviso
410 2902 531 2968 invadit.
559 2905 659 2987 itaque
677 2925 744 2969 cum
760 2907 900 2970 lassitudo
915 2926 950 2970 44
965 2905 1090 2969 4414444
1103 2905 1203 2986 lugam

243 3007 360 3069 quoque
371 2989 607 3068 praepedissent,
624 2990 777 3053 occidione
785 2993 874 3053 444141
885 2992 1000 3061 hostes,
1016 2992 1099 3070 signa
1110 3008 1202 3052 unum

244 3073 390 3150 41414144
405 3080 502 3152 44414.
519 3081 606 3153 atque
619 3075 690 3136 inde
712 3073 749 3136 ad
764 3082 859 3137 444144
873 3076 1006 3138 Postumi
1022 3082 1200 3155 perrectum

203 3154 286 3216 111141
307 3156 509 3218 duovictores
529 3158 676 3219 exercitus
698 3158 867 3240 perculsum
894 3161 953 3222 lam
981 3158 1058 3220 14444
1085 3156 1201 3220 hostem

243 3238 340 3301 adorti
359 3240 487 3301 1444441
511 3240 685 3321 fugantque;
708 3245 792 3323 signa
812 3243 950 3305 militaria
975 3260 1027 3304 sex
1051 3248 1081 3303 et
1100 3243 1203 3322 viginti

243 3331 328 3402 44414
344 3332 373 3386 41
386 3325 546 3404 imperator
560 3325 735 3389 Samnitium
750 3327 859 3390 Statius
871 3326 981 3390 Gellius
995 3323 1140 3469 4441114444
1153 3324 1202 3386 4111

202 3405 382 3470 inmortales
403 3415 432 3468 et
450 3417 545 3470 eastra
559 3416 684 3491 unaque
706 3419 799 3491 capta.
836 3419 866 3474 et
879 3410 1040 3473 Bovianum
1054 3425 1092 3469 ur
1113 3427 1128 3470 s
1149 3427 1200 3489 po·

243 3493 324 3546 stero
352 3490 399 3550 die
427 3500 531 3571 coepta
560 3496 725 3572 oppugnari
759 3492 842 3557 brevi
875 3495 1005 3576 4441144.
1036 3509 1204 3575 magnaque
