2575 4067
248 228 310 291 15⁰
460 240 554 283 mss
568 243 599 282 x.
618 238 687 282 oar.
701 228 727 276 2.
741 224 767 277 3.
785 215 824 298 [a.
840 239 871 279 u.
890 238 917 279 c.
930 214 993 297 toa]

248 390 358 450 tionem
373 389 490 449 narium
506 385 644 457 -milia
666 393 764 447 autem
784 382 1019 465 quattuordecim
1040 383 1077 445 ab
1099 383 1211 465 oppido

206 478 239 533 10
250 471 352 533 aberat
365 504 408 517 -
426 470 522 532 ducta.
558 472 590 530 in
604 487 693 531 nares
713 486 816 549 parvas
830 466 1002 529 custodibus
1022 469 1211 548 interemptis

247 557 373 634 impetus
392 555 502 626 laetus,
528 554 682 633 territique
703 560 809 614 nautae
824 559 971 631 coguntur
984 569 1072 614 naves
1086 553 1117 612 ln
1136 551 1209 613 alte·

246 657 312 700 ram
331 640 427 719 ripam
448 638 543 699 amnis
563 638 699 698 traicere.
732 644 762 697 et
783 638 815 697 ln
829 643 909 697 terra
921 653 1099 716 prosperum
1115 653 1210 716 aeque

246 725 278 783 iu
296 721 408 802 palatos
423 719 614 802 praedatores
633 718 780 798 proelium
801 719 911 791 iuerat,
932 718 1209 799 refugientibusque

207 805 287 867 trad
307 808 462 867 stationem
478 805 598 866 Graecis
612 804 716 865 Veneti
736 803 897 865 obsistunt:
925 804 967 864 ita
986 804 1018 864 in
1037 802 1136 865 medio
1152 805 1209 866 cir·

248 891 395 951 cumventi
418 889 518 950 hostes
546 889 698 968 caesique;
733 905 803 967 pars
829 888 907 967 capti
929 885 1053 949 classem
1078 887 1211 949 indicant

206 981 239 1033 12
250 991 410 1054 regemque
436 971 626 1051 Cleonymum
650 972 707 1031 tria
730 970 811 1032 mdia
835 970 949 1032 abesse.
996 969 1064 1032 inde
1087 973 1209 1051 captivis
1285 1043 1286 1048 ἵ

247 1058 382 1136 proximo
396 1057 460 1117 vico
479 1058 512 1116 in
524 1053 686 1117 custodiam
707 1053 781 1115 datis
800 1073 870 1134 pars
889 1052 1042 1115 fluviatiles
1062 1072 1152 1117 naves
1173 1055 1209 1117 ad
1285 1073 1286 1138 j

248 1140 413 1221 superanda
433 1139 506 1202 rada
531 1147 703 1218 stagnorum
723 1147 790 1217 apte
812 1137 909 1217 planis
929 1136 1017 1199 alveis
1041 1138 1208 1212 fabricatas,
1285 1207 1286 1214 χ

247 1242 317 1305 pars
344 1225 457 1304 captiva
487 1224 601 1302 navigia
631 1222 751 1283 armatis
776 1220 929 1301 conplent,
958 1223 1144 1303 profectique
1173 1222 1209 1284 ad
1285 1223 1286 1294 ᾗ

248 1307 372 1370 classem
385 1307 541 1369 inmobiles
565 1324 654 1367 nares
671 1313 701 1367 et
714 1305 779 1366 loca
793 1306 894 1383 ignota
910 1304 976 1385 plus
991 1324 1079 1385 quam
1094 1306 1210 1368 bostem

207 1397 240 1450 ta
250 1393 388 1453 timentes
402 1389 636 1461 circumvadunt,
650 1390 854 1468 fugientesque
866 1390 899 1449 in
912 1388 1003 1451 altum
1014 1392 1110 1451 acrius
1121 1409 1209 1470 quam

248 1480 448 1555 repugnantes
468 1491 562 1552 usque
581 1473 619 1534 ad
635 1475 743 1536 ostium
764 1473 858 1534 amnis
877 1475 1027 1552 persecuti
1038 1474 1132 1553 captis
1146 1476 1208 1555 qui·

248 1556 373 1619 busdam
392 1558 580 1636 incensisque
600 1556 722 1619 navibus
741 1556 884 1628 bostium,
908 1575 980 1637 quas
1000 1557 1158 1636 trepidatio
1178 1560 1208 1618 in

207 1647 240 1699 14
250 1640 323 1701 rada
334 1638 487 1711 intulerat,
503 1641 628 1701 victores
637 1648 836 1702 revertuntur.
865 1638 1208 1722 Cleonymusrixquinta

247 1731 332 1803 parte
344 1724 460 1785 navium
475 1722 618 1785 incolumi
632 1723 712 1785 nulla
726 1726 849 1803 regione
862 1725 953 1785 maris
964 1724 1126 1786 Hadriatici
1139 1743 1207 1805 pro·

247 1824 335 1886 spere
356 1806 434 1869 adita
454 1806 596 1869 discessit.
632 1813 730 1869 rostra
751 1809 868 1869 navium
890 1807 1041 1887 spoliaque
1057 1806 1207 1873 Laconum

248 1893 280 1951 in
303 1890 376 1953 aede
393 1890 516 1952 Iunonis
535 1891 628 1951 reteri
649 1890 706 1952 dxa
726 1889 812 1952 multi
828 1899 987 1971 supersunt
1003 1894 1054 1971 qui
1073 1891 1211 1954 viderunt

208 1980 240 2032 to
250 1975 358 2036 Patavi.
389 1983 612 2037 monumentum
626 1974 736 2037 narabs
754 1993 871 2055 pugnae
886 1992 922 2036 eo
938 1975 1000 2046 die,
1022 1995 1080 2055 quo
1097 1995 1210 2056 pugna·
1285 1979 1286 2004 ³

247 2065 384 2131 tumeat,
400 2059 556 2139 quotannis
570 2057 706 2120 sollemni
722 2060 883 2119 certamine
899 2061 1015 2120 narium
1035 2060 1067 2120 in
1088 2059 1210 2122 flumine

248 2142 349 2223 oppidi
363 2142 460 2205 medio
475 2150 639 2204 exercetur.

222 2233 235 2286 1
310 2226 359 2289 ill.
388 2226 501 2288 Eodem
515 2244 594 2287 anno
608 2226 719 2287 Romae
732 2243 799 2286 cum
814 2226 940 2287 Vestinis
954 2226 1123 2305 petentibus
1137 2230 1209 2289 ami·

220 2313 347 2373 rcitiam
362 2312 454 2372 ictum
469 2318 514 2371 est
529 2309 642 2372 foedus.
671 2308 824 2386 multiplex
841 2308 947 2371 deinde
962 2319 1083 2374 exortus
1098 2318 1206 2373 terror.

249 2395 396 2456 Etruriam
411 2392 556 2455 rebellare
572 2392 610 2454 ab
621 2393 826 2455 Arretinorum
841 2392 1034 2454 seditionibus
1044 2402 1127 2455 motu
1143 2405 1208 2456 orto

247 2477 453 2549 nuntiabatur,
467 2476 520 2537 ubi
536 2476 663 2539 Cilnium
679 2494 772 2554 genus
785 2484 963 2555 praepotens
983 2477 1149 2540 divitiarum
1163 2481 1208 2539 in·

249 2560 325 2620 ridle
344 2558 415 2638 pelli
436 2561 526 2620 armis
540 2568 693 2638 coeptum,
716 2559 804 2621 simul
817 2560 928 2621 Marsos
949 2578 1052 2639 agrum
1074 2563 1103 2622 vi
1121 2564 1208 2633 tueri,

248 2644 280 2701 in
301 2659 389 2721 quem
411 2640 526 2702 colonia
548 2641 678 2704 Carseoli
698 2641 822 2705 deducta
846 2651 910 2704 erat
930 2652 1066 2724 quattuor
1087 2645 1208 2708 milibus

222 2723 403 2786 abominum
416 2726 543 2803 scriptis.
576 2727 674 2805 itaque
687 2735 810 2806 propter
830 2744 881 2788 eos
900 2727 1042 2790 tumultus
1059 2728 1155 2791 dictus
1169 2731 1207 2792 bl.

249 2806 380 2869 Valerius
399 2806 542 2871 Maximus
562 2808 687 2872 dictator
711 2812 885 2891 magistrum
907 2812 1038 2892 equitum
1060 2812 1117 2874 sibi
1138 2812 1209 2893 legit

220 2891 287 2954 tbi.
305 2890 460 2954 Aemilium
479 2892 611 2956 Paulum.
639 2894 671 2955 id
690 2897 784 2973 magis
807 2895 910 2967 credo,
932 2915 1019 2977 quam
1034 2897 1069 2969 Q.
1085 2897 1207 2959 Fabium

249 2995 284 3038 ea
306 2983 401 3037 aetate
424 2983 512 3057 atque
536 2979 578 3038 eis
596 2977 760 3039 honoribus
779 2976 901 3041 Valerio
922 2979 1103 3051 subiectum
1130 2990 1207 3043 cete

249 3078 316 3122 rum
330 3078 365 3122 ex
377 3060 496 3122 blaximi
507 3063 683 3140 cognomine
698 3068 796 3122 ortum
811 3080 944 3124 errorem
953 3064 1033 3126 haud
1044 3064 1206 3129 abnuerim

219 3144 399 3223 tprolectus
413 3143 538 3206 dictator
552 3163 620 3207 curn
636 3147 767 3207 exercitu
781 3145 893 3225 proelio
907 3166 966 3208 uno
976 3148 1089 3210 Marsos
1101 3149 1217 3220 fundu

249 3226 399 3307 conpulsis
422 3227 528 3290 deinde
548 3230 580 3289 in
600 3227 691 3291 urbes
718 3230 845 3291 munius
865 3229 1025 3293 Milioniam
1048 3232 1209 3294 Plestiuam

247 3310 401 3373 Fresiliam
421 3312 499 3374 intra
515 3312 577 3374 dies
592 3331 702 3393 paucos
718 3315 811 3393 cepit,
840 3320 869 3376 et
887 3322 972 3395 parte
992 3318 1057 3394 agri
1077 3314 1210 3378 multatis
1285 3343 1286 3346 ¹

219 3393 353 3454 oblarsis
367 3394 471 3456 foedus
491 3399 627 3459 restituit.
665 3405 726 3460 turn
746 3398 779 3459 in
792 3397 932 3459 Etruscos
951 3416 1069 3460 versum
1087 3398 1208 3461 bellum.
1285 3431 1286 3444 κ

249 3481 281 3534 et
296 3491 365 3540 cum
380 3477 506 3539 dictator
525 3481 724 3560 auspiciorum
738 3481 968 3561 repetendorum
983 3501 1070 3545 causa
1090 3484 1209 3564 prolec·
1285 3551 1286 3560 χ
