2575 4067
306 225 348 293 98
510 240 603 284 omna
616 241 661 284 rx.
677 240 745 284 oar.
760 228 787 284 b.
799 228 826 283 b.
841 221 882 304 [e.
897 243 929 286 u.
944 245 969 284 c.
984 218 1045 304 433]

307 389 385 452 enim
402 395 451 450 aut
464 387 657 470 sponsoribus
677 387 708 447 in
721 386 841 448 loedere
856 407 931 469 opus
945 397 1021 451 esset
1036 394 1085 450 aut
1097 384 1238 458 obsidibus,

305 471 357 536 ubi
367 475 536 552 precatione
548 490 598 534 res
609 472 795 551 transigitur,
811 489 962 553 perquem
972 471 1177 553 populumbat,
1190 489 1238 551 quo

305 558 404 620 minus
420 555 534 636 legibus
554 555 639 618 dicus
661 563 769 626 stetur,
796 564 828 617 ut
853 573 920 617 eum
946 557 986 617 ita
1005 556 1131 637 luppiter
1156 554 1237 625 feriat,

279 640 552 722 squemadmodum
563 638 736 702 aletialibus
751 656 859 718 porcus
874 638 1021 702 ieriaturi
1037 637 1238 720 spoponderunt

306 723 455 796 consules,
471 723 576 803 iegati,
591 729 777 804 quaestores,
795 721 905 783 tribuni
921 722 1059 792 militum,
1080 723 1237 801 nominaque

306 810 452 879 omnium,
479 810 529 889 qui
549 806 784 888 spoponderunt,
811 812 924 876 extant,
944 806 1011 876 ubi,
1037 807 1062 868 si
1082 824 1117 867 ex
1135 805 1238 866 loedere

305 901 370 956 acta
390 910 438 954 res
457 899 550 963 esset,
571 896 777 971 praeterquam
799 889 923 951 duorum
942 889 1084 951 fetialium
1102 907 1159 950 non
1173 895 1237 948 exta·

278 984 387 1046 brent;
410 984 439 1037 et
460 983 583 1055 propter
598 974 793 1034 necessariam
808 972 936 1035 foederis
957 970 1125 1034 dilationem
1139 971 1237 1033 obsides

307 1062 395 1122 etiem
408 1059 534 1121 sescenti
545 1059 658 1138 equites
668 1057 818 1136 imperati,
830 1058 881 1137 qui
891 1059 986 1138 capite
997 1056 1125 1128 luerent,
1136 1058 1159 1116 si
1168 1059 1237 1135 pacto

276 1152 367 1206 bnon
384 1150 521 1205 staretur.
558 1149 675 1221 tempus
691 1140 760 1201 inde
780 1148 919 1202 statutum
937 1140 1089 1202 tradendis
1108 1137 1237 1202 obsidibus

307 1228 494 1308 exercituque
507 1226 615 1288 inermi
629 1225 780 1286 mittendo.
809 1224 1019 1304 redintegravit
1040 1224 1147 1286 luctum
1159 1224 1186 1283 in
1199 1238 1236 1280 ca·

306 1312 375 1374 stris
389 1310 540 1373 consulum
556 1309 710 1379 adventus,
732 1309 824 1370 utrix
843 1308 880 1371 ab
895 1309 931 1369 iis
946 1308 1127 1370 abstinerent
1142 1321 1235 1374 manus,

304 1412 432 1477 quorum
444 1395 610 1456 temeritate
623 1393 655 1453 in
671 1410 737 1454 eum
751 1391 849 1454 locum
865 1391 983 1454 deducti
998 1399 1111 1459 essent,
1131 1403 1235 1472 quorum

277 1480 417 1558 lignaria
429 1477 543 1539 loedius
554 1476 639 1546 inde,
655 1494 742 1556 mam
753 1477 914 1547 venisseut,
929 1475 1051 1538 abituri:
1065 1475 1122 1537 illis
1132 1491 1185 1535 non
1196 1470 1235 1531 du·

306 1580 370 1624 cem
391 1559 538 1631 locorum,
559 1577 619 1621 non
641 1558 855 1638 exploratorem
876 1558 980 1630 luisse;
1001 1559 1152 1622 beluarum
1165 1553 1235 1619 modo

280 1652 411 1706 ecaecos
432 1645 463 1704 in
483 1644 596 1704 iuream
617 1641 723 1722 lapsos.
761 1643 809 1705 alii
830 1642 902 1705 allos
921 1644 1046 1714 intueri:
1068 1636 1235 1719 contemplari

307 1745 387 1790 arma
398 1745 465 1789 mox
480 1726 623 1789 tradenda
637 1734 667 1788 et
679 1727 807 1788 inermes
820 1727 933 1789 iuturas
944 1726 1063 1789 dextras
1076 1725 1235 1803 obnoxiaque

306 1828 431 1891 corpora
444 1810 537 1883 bosti3
560 1828 727 1890 proponere
742 1810 858 1873 sibimet
877 1812 934 1891 ipsi
951 1819 1020 1872 aute
1038 1811 1136 1874 oculos
1153 1811 1233 1885 iugum
1263 1861 1264 1896 ,

306 1894 413 1958 hostile
435 1902 464 1955 et
487 1893 613 1956 ludibria
632 1895 750 1956 victoris
765 1901 795 1956 et
813 1894 908 1956 vultus
928 1895 1073 1974 superbos
1088 1904 1117 1957 et
1135 1909 1183 1974 per
1199 1904 1233 1950 tr·
1263 1899 1264 1952 l

278 1986 295 2039 ⁹
307 1985 400 2041 matos
410 1979 568 2039 lnermium
582 1979 654 2049 iter,
669 1978 737 2039 inde
748 1979 825 2040 foedi
838 1979 961 2058 agminis
972 1978 1166 2042 miserabilem
1175 1974 1232 2034 rien
1263 1957 1264 2010 l

305 2081 361 2145 per
377 2063 524 2124 sociorum
533 2061 637 2134 urbes,
655 2062 783 2125 reditum
796 2063 826 2123 in
841 2064 966 2142 patriam
979 2063 1017 2124 ad
1034 2069 1233 2143 parentesque
1262 2125 1263 2138 p

265 2154 298 2210 io
307 2165 395 2227 saepe
413 2148 470 2229 ipsi
489 2147 672 2227 maioresque
688 2165 790 2209 eorum
810 2147 1025 2226 triumphantes
1039 2149 1186 2209 venissent
1210 2153 1234 2198 tt
1262 2183 1263 2206 2

306 2232 384 2293 solos
405 2234 469 2293 sine
482 2231 617 2304 vulnere,
639 2233 704 2293 sine
724 2232 820 2303 ferro,
845 2231 907 2294 sine
922 2232 984 2292 acie
998 2232 1106 2301 victos:
1127 2227 1233 2291 sibinor
1262 2245 1263 2316 p

304 2319 450 2397 stringere
462 2315 579 2377 licuisse
590 2314 717 2394 gladios,
729 2333 789 2376 non
800 2333 919 2377 manum
932 2333 998 2377 cum
1009 2314 1095 2377 hoste
1106 2310 1233 2377 conium:

265 2407 296 2460 11
308 2401 364 2461 sibi
378 2400 554 2480 nequiquam
567 2400 680 2460 animos
696 2398 788 2461 datos.
821 2398 894 2461 baec
908 2398 1102 2461 frementibus
1121 2397 1186 2458 bora
1201 2388 1232 2450 ia·

305 2483 371 2546 talis
389 2484 566 2561 ignominiae
580 2481 711 2553 aduenit,
736 2483 833 2545 omnia
851 2483 979 2544 tristiora
995 2479 1172 2564 experiundo
1188 2473 1232 2535 iae

305 2573 385 2635 tura,
404 2583 491 2646 quam
506 2583 580 2645 quae
595 2573 807 2646 praeceperant
822 2568 935 2628 aniuds.

265 2656 297 2708 12
368 2648 428 2708 lam
447 2649 574 2726 primum
595 2667 662 2709 cum
683 2648 804 2728 singulis
824 2652 1004 2713 vestimentis
1023 2650 1151 2712 inermes
1169 2647 1232 2705 extu

305 2730 411 2792 vallum
426 2733 506 2793 exire
520 2732 608 2804 iussi,
623 2740 654 2793 et
668 2734 757 2812 primi
771 2734 870 2796 traditi
884 2733 1000 2796 obsides
1015 2741 1103 2815 atque
1117 2735 1146 2793 iu
1156 2731 1232 2790 cude-

266 2822 297 2877 la
308 2813 385 2877 dam
399 2814 530 2887 abducti,
553 2822 615 2878 tum
630 2835 647 2878 a
661 2816 829 2879 consulibus
844 2818 925 2880 abire
943 2816 1064 2884 lictores
1082 2816 1149 2879 iussi
1168 2805 1231 2893 pali·

305 2899 498 2980 damentaque
510 2899 654 2963 detracta:
666 2908 776 2963 tantam
787 2903 822 2963 id
830 2902 909 2963 inter
919 2903 1007 2983 ipsos,
1020 2901 1070 2983 qui
1080 2896 1172 2982 paullo
1181 2893 1232 2955 anit

306 3003 356 3045 eos
370 2991 542 3046 execrantes
555 2982 705 3046 dedendos
720 2984 949 3067 lacerandosque
963 2991 1151 3056 censuerant,
1163 2977 1232 3040 mise

265 3070 449 3130 iurationem
465 3068 548 3139 iecit,
566 3076 600 3131 ut
613 3086 684 3131 suae
700 3069 823 3150 quisque
838 3070 1019 3131 condicionis
1034 3068 1140 3132 oblitus
1153 3061 1184 3125 ab
1194 3052 1232 3118 1111

305 3152 517 3215 deformatione
530 3160 628 3216 tantm
641 3153 800 3214 malestatis
811 3152 888 3215 reiut
903 3152 939 3216 ab
950 3153 1078 3216 neiaudo
1088 3136 1232 3232 spectaculo

280 3235 570 3299 lauerteretoculos.
613 3236 660 3300 v1.
692 3237 783 3300 Primi
795 3237 928 3300 musuleo
938 3256 1032 3321 prope
1042 3218 1233 3299 seminudisub

304 3321 405 3401 iugum
423 3320 520 3394 missi,
541 3329 604 3383 tum
623 3329 656 3384 ut
675 3323 799 3402 quisque
820 3323 913 3402 gradu
930 3340 1090 3402 proxumus
1111 3321 1182 3384 erat,
1202 3308 1233 3368 “²

279 3404 484 3481 tiguominiae
499 3404 648 3478 obiectus,
662 3413 725 3468 tum
739 3405 878 3487 deinceps
889 3405 1020 3485 singulae
1032 3405 1166 3484 legiones
1189 3391 1234 3452 111·

306 3487 490 3548 cumstabant
504 3489 608 3551 armati
622 3488 722 3550 hostes
733 3487 944 3571 exprobrantes
955 3488 1170 3567 credentesque:
1185 3471 1233 3556 8¹²·
