2575 4067
344 262 437 307 mun
453 263 496 306 ix.
514 263 583 306 oar.
599 241 698 325 43.·[e.
715 246 749 308 (i.
768 240 831 327 aod]
988 251 1050 314 143

80 411 245 477 confestim
261 429 343 474 arma
359 428 466 491 capere
486 411 572 472 iussis
592 411 759 491 raptimque
780 411 894 473 eductis
907 413 940 475 in
956 414 1048 476 mem

80 496 231 560 militibus
245 504 441 558 uansvcrsam
456 495 586 557 hostium
601 496 693 557 aciem
712 503 799 575 atque
814 494 872 556 aiio
889 498 1049 560 certamine

81 589 262 661 occupatam
279 579 402 650 inuadit,
424 578 577 641 clamitans
597 595 744 640 summum
764 577 906 657 flagitium
926 580 1004 651 iore,
1022 582 1048 644 sl
1060 588 1092 640 la

81 663 215 727 aiterum
230 663 391 725 exercitum
409 662 562 743 utriusque
581 662 720 724 victoriae
742 669 899 743 conpotem
918 664 1050 725 sinerent

80 747 151 811 fleri
165 764 222 808 nec
233 746 271 807 ad
285 764 318 807 se
339 746 385 807 sui
408 744 479 807 beili
498 744 682 807 vindicarent
697 745 796 807 decus.
834 763 892 826 qua
905 747 1048 827 impetum
1059 755 1091 809 lc

79 830 212 892 dederat
222 831 397 911 perrumpit,
409 832 560 909 aciemque
571 828 759 910 permediam
770 829 801 891 iu
813 838 909 891 castra
919 830 1048 894 hostium

77 914 183 976 tendit
198 922 228 975 et
247 929 336 975 sacua
358 912 562 975 defensoribus
583 915 661 993 capit
683 921 770 994 atquc
791 913 932 975 incendit.
972 922 1092 993 quseic

80 997 137 1060 ubi
161 997 317 1076 flagrantia
341 996 507 1059 Marcianus
530 994 617 1060 miles
645 997 798 1078 conspexit
820 1005 850 1059 ei
875 997 976 1059 hostes
1002 1015 1050 1059 re·

78 1097 226 1162 sperare,
252 1089 314 1141 tum
333 1082 443 1160 passim
466 1080 536 1160 luga
558 1089 663 1162 coepta
688 1081 862 1143 Samnitium
887 1082 967 1150 decu
996 1079 1049 1143 sed

80 1166 187 1226 omnia
208 1162 322 1225 obtinet
346 1164 464 1235 caedas,
491 1164 592 1246 necin
608 1164 698 1226 ullam
721 1173 835 1245 partem
860 1171 956 1227 tutum
980 1182 1049 1246 per·

80 1249 203 1328 fugium
225 1255 277 1308 est.
314 1248 372 1309 iam
395 1249 513 1326 triginta
535 1246 654 1310 milibus
677 1247 805 1309 hostium
823 1249 916 1311 caesis
930 1250 1046 1325 siunum
1059 1256 1089 1310 lt

81 1332 224 1412 receptui
237 1330 374 1393 consules
385 1330 543 1402 dederant,
559 1330 795 1412 colligebantque
804 1332 836 1392 in
846 1348 938 1393 unum
950 1332 1048 1412 copias

79 1416 212 1475 invicem
238 1415 316 1476 inter
340 1432 373 1476 se
397 1421 560 1494 gratantes,
595 1432 662 1477 cum
690 1422 815 1494 repente
839 1416 918 1479 virae
944 1414 1049 1496 procui

79 1499 216 1561 hostium
232 1514 324 1558 norae
345 1498 498 1570 cohortes,
521 1516 595 1578 quae
614 1500 644 1559 in
665 1497 904 1580 supplementum
920 1499 1048 1580 scriptae

79 1583 220 1652 fueraut,
234 1582 420 1660 integrauere
435 1580 565 1643 caedem.
594 1583 625 1644 in
639 1600 713 1663 quas
725 1600 783 1644 nec
798 1582 880 1645 iussu
894 1581 1048 1646 consulum
1059 1590 1091 1643 ie

79 1682 143 1727 nec
159 1666 244 1743 signo
263 1672 383 1745 accepto
400 1665 525 1726 victores
540 1665 662 1738 radunt,
678 1664 755 1727 malo
769 1668 907 1728 tirocinio
922 1666 1047 1729 inbuen·
1161 1695 1167 1705 ·

81 1754 158 1811 dum
173 1748 336 1809 Samnitem
352 1746 543 1811 clamitantes.
573 1749 727 1830 indulgent
741 1749 877 1814 consules
897 1753 1048 1832 legionum
1058 1758 1091 1810 lu

81 1832 201 1903 ardori,
216 1839 248 1893 ut
266 1832 315 1912 qui
329 1830 424 1913 probe
438 1833 549 1894 scireut
564 1851 672 1895 norum
686 1833 810 1896 militem
824 1835 954 1897 boetium
969 1837 1048 1897 inter

80 1914 240 1998 perculsos
254 1915 324 1995 iuga
339 1924 493 1978 veteranos
507 1934 546 1977 nc
563 1916 733 1996 temptando
751 1916 871 1998 quddam
891 1919 961 1980 satis
980 1934 1045 1980 cer·

81 2000 190 2063 camini
211 1998 285 2060 iore.
321 2013 377 2060 nec
398 2017 449 2061 eos
475 2000 573 2079 opinio
597 1999 714 2060 fefellit:
751 2017 854 2062 omnes
872 2001 1090 2063 Samnitiumit

80 2084 205 2163 copiae,
223 2089 339 2145 veteres
353 2099 520 2163 novaeque,
536 2090 652 2143 montes
667 2084 819 2163 proxlmos
834 2083 904 2162 luga
919 2087 1046 2165 capiunt.

81 2186 121 2228 eo
139 2173 169 2227 et
183 2166 315 2228 Romana
332 2168 455 2246 erigitur
469 2167 560 2237 acies,
582 2183 637 2226 nec
660 2167 816 2246 quicquam
832 2167 902 2227 satis
920 2168 977 2228 tuti
990 2166 1048 2228 loci

82 2251 170 2312 victis
186 2258 244 2327 est,
269 2258 299 2311 et
313 2249 350 2311 de
363 2251 455 2330 iugis,
475 2267 550 2331 quae
565 2257 719 2329 ceperant,
736 2247 914 2319 tunduntur,
930 2250 1047 2327 iamque

81 2352 145 2397 una
165 2349 237 2395 voce
263 2351 365 2395 omnes
390 2351 493 2413 pacem
520 2332 670 2413 petebant.
718 2340 780 2395 tum
798 2333 889 2394 trium
910 2349 1045 2393 mensum
1057 2339 1086 2389 21

83 2420 236 2480 frumento
250 2419 394 2498 imperato
411 2426 440 2478 ei
460 2435 558 2480 annuo
573 2415 720 2496 stipendio
736 2434 770 2478 ac
786 2413 908 2495 singulis
924 2417 954 2477 in
970 2413 1046 2475 miii·

84 2510 149 2563 tem
165 2502 271 2563 tunicis
293 2501 330 2562 ad
350 2509 484 2562 senatum
504 2503 586 2582 pacis
612 2509 745 2563 oratores
764 2502 855 2564 mirsi.
893 2496 1046 2563 Cornelius
1057 2507 1089 2557 22

83 2587 117 2647 in
134 2585 254 2646 Samnio
275 2583 395 2646 relictus
402 2604 410 2654 ;
438 2585 565 2648 Marcius
590 2585 628 2648 de
646 2585 783 2647 Hernicis
808 2586 993 2667 triumphans
1015 2583 1047 2644 in

84 2668 193 2731 urbem
202 2669 305 2740 rediit,
319 2677 472 2750 statuaque
487 2673 632 2751 equestris
645 2670 676 2730 in
691 2669 756 2732 loro
772 2670 892 2732 decreta
903 2677 955 2740 esi,
972 2685 1047 2749 quac

84 2760 155 2814 anie
171 2749 313 2831 tempium
328 2752 457 2815 Castoris
472 2756 566 2834 posita
588 2762 641 2816 est.
673 2754 870 2816 Hernicorum
885 2752 980 2816 tribus
994 2771 1046 2832 po·
1055 2756 1087 2808 2³

84 2834 163 2916 pulis
173 2835 327 2898 Aletrinati
336 2835 483 2898 Verulano
496 2839 685 2906 Ferentinaii,
702 2839 769 2917 quia
778 2837 946 2899 maluerunt
958 2853 1046 2914 quam

80 2921 250 2990 'civitatem
268 2935 338 2982 auae
357 2919 438 2999 leges
453 2920 599 2992 redditae,
620 2919 838 2998 conubiumque
859 2922 937 2979 inter
957 2919 1045 2995 ipsos,

85 3003 165 3084 quod
181 3002 359 3083 aliquamdiu
375 3002 430 3065 soii
443 3005 640 3067 Hernicorum
659 3001 841 3073 hahuerunt,
859 3001 1045 3081 permissum.

84 3088 248 3166 AnagninIs
268 3089 376 3168 quique
400 3105 481 3150 arma
502 3089 642 3151 Romanis
669 3084 830 3147 intulerant
857 3085 957 3145 civitas
980 3082 1088 3143 sinete

85 3171 219 3250 suffragii
245 3169 353 3233 latione
379 3171 461 3243 daia,
492 3171 616 3233 concilia
644 3169 828 3248 conubiaque
854 3168 989 3244 adempta
1017 3172 1047 3225 et

85 3254 306 3335 magistratibus
312 3265 518 3336 praeterquam
527 3267 678 3315 sacrorum
691 3254 842 3314 curatione
847 3251 1046 3313 interdictum.

149 3338 262 3401 Eodem
277 3357 356 3402 anno
371 3339 458 3401 aedes
473 3338 579 3401 Salutis
597 3356 613 3398 a
628 3338 658 3399 C.
675 3336 757 3397 iunio
775 3335 906 3398 Bubulco
921 3339 1088 3396 consoceri

87 3422 182 3485 iocata
210 3430 269 3494 est,
296 3441 384 3503 quarn
410 3420 513 3486 consul
539 3420 617 3483 bello
646 3419 820 3482 Samnitium
844 3427 971 3482 uouerat.
1009 3417 1047 3481 ab

87 3507 192 3568 eodem
207 3505 379 3586 collegaque
403 3510 466 3569 eius
477 3506 516 3569 Μ.
532 3506 647 3570 Valerio
662 3505 788 3568 iiiaximc
808 3506 871 3567 tiae
891 3521 947 3586 per
960 3519 1047 3584 agros
