2575 4067
285 168 377 240 emit
392 142 455 240 in.
472 200 540 243 on.
556 189 600 242 es.
615 189 660 243 ro.
677 181 717 262 [a.
735 185 769 244 o.
785 182 847 264 ne]
986 188 1048 253 245

149 348 208 409 iam
235 346 369 423 enimet„
388 355 556 409 revocatum
578 366 618 416 ex.
630 347 728 410 Sicilia
753 348 885 410 audierat
906 361 1048 415 -ratus

89 424 320 510 expectandum,
336 429 447 501 locum,
470 432 519 510 qul
534 447 627 509 prope
641 431 752 493 llumen
768 434 927 494 tutissimus
938 428 1047 496 stativis

40 522 48 529 ”
89 522 136 575 est
151 514 245 584 risus,
261 512 405 574 delectum
421 515 602 575 communiit.
633 532 689 575 nec
702 515 806 594 procul
820 516 888 578 inde
903 518 1075 580 Hannibale

89 615 159 659 cum
174 595 367 668 consedisset,
386 605 527 677 quantaan
538 599 658 659 victoria
670 601 798 678 equestri
812 599 918 670 elatus,
934 610 1046 662 tantum

90 682 194 742 auxius
208 681 323 758 inopia,
346 699 421 761 quae
436 699 491 760 per
516 682 643 742 bostium
665 700 751 761 agros
770 692 888 744 euntem
905 702 1047 764 nusquam

89 765 272 845 praeparatis
286 764 499 826 commeatibus
514 766 608 825 maior
623 767 655 825 in
671 765 733 826 dies
744 766 920 846 excipiebat,
936 767 973 829 ad
984 767 1046 830 Cla·

90 848 211 910 stidium
239 850 350 919 mcum,
379 867 437 926 quo
459 866 598 927 magnum
624 848 765 910 frumenti
792 868 947 912 numerum
976 859 1075 912 con-tt

90 940 244 1010 gesserant
264 932 402 1003 Rotnani,
426 933 524 993 mittit.
561 931 602 992 ibi
629 949 696 993 cum
717 935 776 994 rim
798 943 954 1014 pararent,
980 953 1047 1015 spes

91 1016 168 1076 lacta
182 1014 372 1094 proditionis,
399 1033 454 1076 nec
474 1033 544 1077 sane
558 1032 665 1094 magno
681 1019 791 1095 pretio,
809 1020 936 1079 nummis
951 1020 1047 1080 aureis

90 1098 324 1178 quadringentis,
350 1099 435 1160 Dasio
457 1099 633 1161 Brundisino
660 1101 809 1180 praelecto
832 1103 960 1181 praesidi
980 1119 1046 1163 cor·

92 1190 178 1261 rupto
196 1181 322 1243 traditur
336 1181 492 1244 Hannibali
507 1181 684 1245 Clastidium.
707 1184 737 1244 ld
753 1185 895 1246 horreum
906 1185 960 1246 luit
972 1186 1046 1247 Poe·

91 1267 137 1327 nis
152 1265 323 1328 sedentibus
345 1266 382 1327 ad
397 1265 545 1328 Trebiam.
585 1269 616 1326 in
634 1270 763 1346 captivos
779 1287 815 1329 ex
836 1268 943 1329 tradito
959 1288 1044 1349 prae·
1058 1276 1087 1326 lu

91 1350 180 1420 sidio,
196 1359 228 1412 ut
245 1351 320 1411 lama
334 1348 507 1412 elementiae
521 1351 552 1410 ln
569 1352 715 1429 principio
732 1369 832 1413 rerum
849 1352 1045 1431 colligeretur,

93 1432 166 1495 nihil
180 1435 320 1496 saevitum
336 1443 389 1495 est

155 1517 253 1579 XLIX.
284 1517 356 1578 Cum
368 1516 405 1577 ad
415 1517 553 1578 Trebiam
570 1526 712 1579 terrestre
729 1520 906 1581 constitisset
926 1519 1045 1591 bellum,
1061 1527 1071 1576 1

91 1602 210 1661 iuterim
232 1602 309 1667 circa
325 1600 453 1663 Siciliam
476 1601 644 1682 insulasque
665 1601 763 1663 ltaliae
785 1604 963 1664 inminentes
985 1611 1045 1664 eta

93 1685 267 1762 Sempronio
290 1684 410 1746 consule
431 1694 461 1745 et
482 1694 550 1746 ante
570 1684 725 1747 adrentum
741 1688 803 1747 eius
815 1695 894 1747 terra
914 1690 1046 1766 marique

93 1785 142 1829 res
158 1775 264 1845 gestae.
292 1768 392 1847 viginti
402 1771 629 1849 quinqueremes
644 1789 711 1830 cum
724 1769 805 1831 mille
816 1773 936 1832 armatis
946 1772 982 1832 ad
996 1770 1074 1832 dot

92 1850 289 1931 populandam
295 1869 377 1912 oram
384 1851 505 1913 ltaliaea
514 1853 801 1930 Carthaginiensibus
808 1856 928 1923 mlssae;
941 1872 1045 1914 novem

93 1935 228 2014 Liparas,
252 1944 317 1997 octo
333 1936 369 1996 ad
384 1935 509 1997 insulam
529 1934 651 1997 Vulcani
669 1946 843 2005 tenuerunt,
866 1945 926 1996 tres
939 1939 970 1996 in
986 1938 1045 1997 lre-

92 2028 154 2080 tum
166 2018 291 2080 advertit
302 2027 406 2081 aestus.
428 2019 465 2080 ad
476 2037 525 2080 eas
540 2027 711 2099 conspectas
721 2037 738 2079 a
749 2019 882 2079 Messana
893 2019 1073 2081 duodecima

93 2120 180 2163 naves
201 2102 238 2162 ab
259 2100 389 2164 Hierone
409 2120 480 2182 rege
501 2103 750 2182 Syracusanorum
772 2103 892 2171 missae,
913 2104 1046 2181 quitum

94 2186 170 2246 forte
183 2186 333 2248 Messanae
349 2194 411 2247 erat
426 2187 576 2248 consulem
591 2187 757 2248 Romanum
778 2185 949 2264 opperiens,
965 2184 1045 2245 nullo

93 2278 275 2348 repugnante
286 2278 385 2350 captas
400 2288 489 2331 naves
502 2270 665 2332 Messanam
678 2270 710 2328 in
723 2276 841 2347 portum
853 2265 1047 2329 deduxerunt.

93 2354 242 2431 cognitum
259 2371 295 2415 ex
313 2354 433 2432 captivis
447 2361 565 2433 praeter
576 2354 677 2430 viginti
692 2369 794 2420 nares,
811 2352 893 2412 unius
905 2353 960 2430 ipsi
975 2351 1075 2412 clas-s

93 2436 132 2496 sis
147 2445 259 2508 essent,
275 2439 305 2497 in
316 2436 429 2497 ltaliam
441 2438 545 2497 missas
554 2438 684 2515 quinque
699 2444 728 2495 et
744 2436 862 2513 triginta
876 2433 947 2495 elias
961 2437 1046 2515 quin-

93 2537 248 2599 queremes
263 2520 392 2581 Siciliam
405 2530 507 2598 petere
524 2519 561 2579 ad
583 2518 780 2580 sollicitandos
800 2528 915 2580 veteres
934 2521 1045 2587 socios:

93 2601 391 2683 Lilybaeioccupandi
402 2605 589 2683 praecipuam
602 2621 703 2664 curam
716 2620 795 2670 esset
811 2602 933 2664 credere
945 2604 1075 2665 eudemo

94 2693 280 2764 tempestate,
299 2705 356 2765 qua
372 2687 428 2766 ipsi
448 2687 560 2748 disiecti
577 2686 689 2758 forent,
712 2705 777 2748 eam
791 2705 908 2767 quoque
923 2686 1046 2748 classem

93 2766 260 2844 adlegans
281 2769 391 2829 lnsulas
409 2769 561 2831 delectam.
597 2770 672 2831 baec
687 2771 763 2830 sicut
781 2771 878 2831 audita
893 2781 978 2830 eram
993 2776 1073 2830 rexd

94 2849 131 2908 bl.
146 2849 269 2910 Aemillo
286 2853 430 2928 praetori,
453 2855 536 2914 conus
551 2851 650 2913 Sicilia
665 2853 817 2931 provincla
831 2859 903 2920 erat,
918 2854 1046 2929 perscri-

94 2929 137 2989 bit
151 2939 324 3010 monetque,
343 2941 375 2992 ut
389 2932 558 3012 Lilybaeum
573 2936 659 2996 llrrno
681 2941 795 2994 teneret
809 2933 966 3012 praesidio.
998 2940 1074 2994 ent

94 3011 204 3091 templo
216 3031 233 3074 a
246 3022 385 3093 praetore
399 3024 428 3075 ct
443 3019 519 3078 circa
531 3020 662 3079 civitates
676 3017 757 3077 missi
769 3015 857 3094 legati
868 3015 1046 3095 tribunique,

92 3099 145 3172 qui
167 3115 236 3158 suos
256 3098 293 3158 ad
320 3114 422 3158 curam
448 3100 596 3161 custodiae
626 3100 833 3169 intenderent;
855 3106 923 3159 ante
950 3102 1047 3161 omnia

92 3178 263 3260 lilybaeum
278 3183 373 3243 teneri
387 3191 528 3260 apparatu
542 3182 625 3253 belll,
642 3184 737 3243 edicto
748 3183 914 3262 proposito,
929 3190 962 3244 ut
976 3186 1047 3244 socii
1061 3208 1063 3213 ·

93 3263 209 3325 navales
221 3265 324 3326 decem
339 3264 454 3327 dierum
467 3277 549 3326 cocta
561 3265 671 3327 cibaria
682 3266 718 3327 ad
731 3284 818 3327 nares
831 3266 990 3337 deterrent,
1006 3275 1047 3337 ut,

93 3346 143 3407 ubi
163 3353 280 3427 signum
300 3349 400 3411 datum
423 3357 514 3418 esset,
543 3350 670 3429 nequid
693 3368 806 3410 moram
830 3350 1047 3411 conscendendi

93 3431 219 3502 iaceret;
231 3450 343 3513 perque
359 3451 477 3495 omnem
488 3452 571 3495 orem
586 3436 635 3519 qui
652 3452 688 3495 ex
703 3434 830 3514 speculis
842 3435 1047 3513 prospicerent
1129 3435 1132 3440 ’
