2575 4067
239 244 302 309 2⁵10
420 256 513 299 umus
527 257 605 299 xxrr.
621 256 690 298 nur.
708 244 749 295 10.
766 244 808 298 11.
825 235 865 317 [a.
881 260 911 299 u.
927 259 953 299 c.
969 236 1032 319 537]

239 405 316 485 patis
340 402 514 484 supplicatio
539 401 651 473 edicta;
677 403 931 485 supplicatumque
957 405 1019 466 lere
1040 422 1108 466 cum
1129 421 1204 467 con·

192 558 197 567 x
239 487 357 566 iugibus
371 505 407 547 ac
422 485 523 547 liberis
537 504 599 548 non
611 486 726 549 urbana
741 486 898 549 multitudo
909 494 1038 558 tautum,
1051 487 1105 549 sed
1116 505 1204 567 agre·

239 572 328 633 stium
357 572 445 632 etlam
468 588 541 651 quos
560 571 593 631 in
614 569 710 650 aliqua
730 588 784 633 sua
802 571 922 632 iortuna
946 570 1063 650 publica
1084 589 1204 651 quoque

212 654 431 734 econtlngebat
445 670 525 715 cura.
553 662 615 715 tum
632 653 846 716 lectisternium
858 672 913 734 per
925 654 1054 715 triduum
1070 654 1204 717 habitum

241 738 415 800 decemviris
436 754 589 799 sacrorum
610 737 791 800 curantibus.
825 756 879 799 sex
897 736 1061 818 pulvinaria
1081 740 1113 799 in
1131 756 1204 799 con·

240 829 344 903 spectu
366 822 499 883 fuerumt:
521 821 582 882 lovi
603 836 637 883 ac
653 821 758 883 lunoni
786 839 893 893 unum,
918 820 1043 884 alterum
1065 822 1203 902 Neptuno

240 924 275 967 ac
290 905 453 975 Minervae,
477 906 596 966 tertium
611 905 699 967 Marti
720 923 755 966 ac
777 904 900 976 Veneri,
923 913 1060 985 quartum
1074 904 1204 984 Apollini

240 989 419 1058 tollianae,
441 989 575 1068 quintum
596 987 726 1050 Vulcano
748 1006 784 1050 ac
805 989 923 1060 Vestae,
949 996 1064 1050 sextum
1086 988 1204 1050 llercu·

200 1074 287 1134 torio
302 1080 334 1134 et
347 1073 458 1136 Cereri.
493 1079 556 1133 tum
576 1073 664 1133 aedes
682 1080 776 1134 votae.
809 1070 918 1133 Veneri
931 1071 1078 1134 Erucinae
1098 1072 1204 1134 aedem

241 1156 278 1228 O.
297 1155 405 1218 Fabius
426 1156 570 1218 Maximus
592 1155 719 1217 dictator
738 1157 828 1226 vovit,
858 1157 927 1236 qula
945 1157 986 1216 ita
1009 1174 1046 1217 ex
1066 1155 1204 1217 fatalibus

239 1238 323 1300 libris
335 1240 446 1300 editum
455 1245 533 1312 erat,
549 1247 583 1301 ut
596 1240 765 1311 moereret,
778 1240 861 1301 cuius
872 1241 1031 1300 maximum
1045 1241 1204 1319 imperium

240 1324 403 1385 incivitate
424 1330 517 1392 esset;
538 1323 630 1384 Menti
652 1323 754 1384 aedem
768 1322 802 1383 Τ.
817 1321 956 1384 Otacilius
976 1330 1097 1402 praetor
1119 1324 1204 1382 vovit

213 1415 227 1467 1
301 1408 350 1469 xl.
382 1407 426 1468 lta
449 1406 539 1468 rebus
552 1406 657 1467 divinis
680 1406 807 1486 peractis
823 1415 885 1467 tum
901 1405 937 1467 de
958 1405 1037 1466 bello
1058 1424 1152 1486 reque
1167 1406 1203 1465 de

240 1489 359 1572 publica
377 1490 502 1551 dictator
515 1488 643 1560 rettulit,
666 1489 773 1569 quibus
787 1497 893 1569 quotve
913 1488 1079 1567 legionibus
1100 1489 1205 1550 victori

212 1576 317 1636 alnosti
339 1572 455 1634 obviam
476 1572 606 1634 eundum
628 1591 693 1634 esse
716 1580 816 1653 patres
837 1580 1003 1634 censerent.
1039 1573 1203 1640 dommum,

240 1666 274 1719 ut
294 1656 330 1718 ab
342 1657 395 1718 Gn.
413 1654 537 1716 Servilio
558 1654 680 1716 consule
695 1658 857 1718 exercitum
875 1658 1037 1736 acciperet;
1058 1654 1205 1716 scriberet

240 1747 396 1819 praeterea
419 1756 456 1799 ex
471 1739 582 1800 civibus
599 1741 746 1819 sociisque
761 1746 903 1820 quantum
918 1740 1050 1819 equitum
1065 1756 1100 1800 ac
1116 1737 1203 1818 pediu

242 1832 304 1886 tum
322 1821 485 1892 videretur3
512 1829 612 1884 cetera
631 1825 730 1884 omnia
756 1830 858 1902 ageret
871 1823 1053 1902 laceretque,
1079 1828 1113 1883 ut
1135 1840 1152 1881 e
1168 1839 1204 1883 re

213 1905 357 1989 tpublica
378 1906 509 1969 duceret
537 1905 645 1968 Fabius
668 1907 741 1968 duas
758 1905 890 1984 legiones
913 1924 946 1968 se
969 1905 1153 1967 adiectiuum
1166 1905 1204 1965 ad

242 1989 437 2053 Servilianum
460 1991 620 2052 exercitum
643 1989 725 2051 dixit.
758 1990 794 2049 iis
813 2007 868 2070 per
890 1991 1062 2069 magistrum
1071 1989 1203 2069 equitum

214 2075 358 2155 ascriptis
378 2073 472 2136 Tibur
493 2075 571 2136 diem
597 2073 634 2134 ad
662 2072 897 2134 conveniendum
917 2073 1020 2143 edixit,
1047 2071 1205 2151 edictoque

240 2160 408 2241 proposito,
428 2165 462 2218 ut
477 2157 583 2238 quibus
602 2156 711 2236 oppida
736 2154 912 2237 castellaque
934 2157 1080 2217 inmunita
1094 2162 1204 2225 essent,

241 2251 276 2305 ut
291 2244 314 2302 ii
328 2242 558 2320 commigrarent
577 2241 609 2301 in
629 2240 695 2301 loca
717 2247 792 2310 tuta,
814 2258 851 2301 ex
870 2241 949 2319 agris
967 2257 1085 2319 quoque
1109 2239 1205 2299 demi·

242 2333 365 2407 grarent
381 2342 484 2386 omnes
507 2325 637 2402 regionis
656 2324 734 2392 eius,
759 2341 816 2402 qua
837 2325 933 2385 iturus
947 2321 1093 2384 Hannibal
1116 2329 1204 2392 esset,

216 2412 330 2472 otectis
349 2411 432 2489 prius
453 2408 581 2469 incensis
604 2425 638 2468 ac
659 2405 792 2485 lrugibus
816 2408 977 2487 corruptis,
997 2424 1036 2466 ne
1056 2406 1141 2467 culus
1159 2406 1206 2466 rei

242 2495 325 2571 copia
350 2499 440 2561 esset;
465 2493 528 2572 ipse
552 2492 598 2552 via
611 2489 754 2551 Flaminia
778 2489 928 2570 profectus
951 2489 1067 2550 obviam
1089 2487 1206 2550 consuli

243 2576 435 2654 exercituque
447 2592 515 2635 cnm
530 2574 567 2635 ad
577 2572 710 2635 Tiberim
726 2575 804 2634 circa
819 2572 986 2635 Ocriculum
1002 2573 1207 2653 prospexisset

242 2674 348 2735 agmen
363 2656 573 2735 consulemque
594 2674 662 2716 cum
680 2656 826 2736 equitibus
846 2657 883 2717 ad
904 2676 936 2719 se
952 2654 1205 2737 progredientem,

241 2742 382 2800 viatorem
394 2739 491 2806 misit,
518 2740 568 2819 qui
578 2737 693 2800 consuli
702 2741 865 2811 nuntiaret,
882 2748 915 2802 ut
926 2742 991 2801 sine
1000 2737 1154 2801 lictoribus
1166 2738 1206 2800 ad

215 2824 416 2885 edictatorem
436 2824 558 2884 veniret.
586 2824 718 2903 quicum
737 2824 815 2885 dicto
835 2825 992 2904 paruisset,
1012 2840 1206 2902 congressus·

241 2926 299 2990 que
310 2925 414 2969 eorum
424 2908 575 2986 ingentem
591 2908 720 2987 spectem
733 2907 895 2969 dictaturae
907 2906 985 2987 apud
996 2908 1074 2968 cives
1091 2907 1207 2968 socios·

240 3011 298 3073 que
318 2998 460 3054 vestutate
481 2992 540 3052 iam
555 3008 649 3073 prope
663 2989 770 3055 oblitos
783 2992 846 3053 elus
859 2992 978 3071 imperii
999 2990 1134 3060 lecisset,
1155 2988 1207 3051 lit-

239 3083 322 3138 terae
336 3073 372 3137 ab
388 3074 463 3136 urbe
480 3074 594 3136 adlatae
615 3081 699 3145 sunt,
722 3091 810 3137 nares
836 3075 988 3136 onerarias
1002 3080 1206 3135 commeatum

240 3158 277 3220 ab
299 3159 379 3221 Ostia
400 3160 432 3219 in
452 3158 623 3239 Hispaniam
649 3158 686 3218 ad
709 3160 871 3221 exercitum
898 3165 1050 3237 portantes
1070 3176 1087 3218 a
1109 3154 1206 3217 classe

218 3244 354 3305 7Punica
376 3243 455 3303 circa
479 3251 597 3322 portum
620 3241 764 3303 Cosanum
788 3251 888 3322 captas
910 3260 984 3303 esse.
1030 3242 1129 3321 itaque
1151 3258 1207 3301 ex·

239 3325 350 3406 templo
368 3325 471 3387 consul
492 3324 602 3388 Ostiam
623 3326 771 3405 proficisci
791 3326 887 3388 iussus
907 3324 1103 3405 navibusque,
1126 3340 1207 3402 quae

239 3410 276 3473 ad
291 3408 397 3472 urbem
410 3410 573 3471 Romanam
590 3417 641 3470 aut
654 3408 752 3471 Ostiae
769 3416 883 3481 essent,
900 3407 1043 3489 conpletis
1060 3405 1207 3469 militene

239 3490 390 3552 navalibus
401 3493 503 3562 sociis,
518 3494 657 3574 persequi
670 3493 798 3554 hostium
813 3493 935 3556 classem
951 3511 986 3554 ac
1003 3493 1089 3553 litore
1100 3487 1207 3552 ltaliae
