2575 4067
268 277 360 320 smne
374 278 443 323 vm.
460 279 528 321 oar.
543 265 587 321 26.
602 268 645 320 27.
663 257 701 340 [e.
718 260 752 322 O.
769 258 829 342 326]
992 266 1027 325 li

81 427 278 491 isclsceudum
300 443 365 489 esse
385 424 591 506 extemploque
612 444 701 488 nares
727 427 922 490 deducendas.
952 425 1031 509 quod

80 531 127 591 quo
146 512 294 574 maturius
313 512 412 581 fleret,
440 512 536 571 omnis
560 511 697 572 iuventus
717 511 892 573 Samnitium
913 521 1031 590 praeter

80 597 273 657 necessarium
295 594 376 655 urbls
403 594 582 673 praesidium
605 594 642 657 ad
663 594 732 656 lltus
751 597 849 657 missa.
887 594 939 655 ubl
962 594 1060 656 dumt

79 679 233 760 Nymphius
261 680 293 739 in
321 677 451 740 tenebris
477 686 506 739 et
530 677 717 741 multitudiue
741 685 834 740 semet
859 679 921 757 ipsa
947 679 1031 757 inpe-

79 762 166 826 diente
191 761 298 825 sedulo
325 761 388 823 aliis
420 762 476 824 alia
503 764 627 842 imperia
658 761 780 824 turbans
808 763 877 824 terlt
905 770 1031 842 tempus,

78 846 222 909 Charilaus
255 865 291 908 ex
322 848 474 926 conposito
504 846 541 908 ab
568 848 656 908 sociis
690 847 721 907 ln
761 846 865 908 urbem
896 852 1033 925 receptus

78 948 136 992 eum
153 949 274 993 summa
293 930 376 992 urbis
390 931 522 993 Romano
541 930 633 992 milite
653 930 810 1010 inplesset,
835 928 899 991 tolli
922 927 1032 990 clamo·

78 1032 133 1076 rem
153 1017 257 1085 iussin
280 1014 316 1075 ad
338 1032 425 1093 quem
441 1016 546 1076 Graeci
566 1016 651 1093 siguo
669 1023 791 1095 accepto
813 1033 830 1076 a
850 1011 1033 1093 principibus

77 1100 224 1177 quievere;
246 1098 352 1161 Nolani
365 1116 421 1178 per
435 1117 567 1160 aversam
581 1107 697 1178 partem
710 1098 793 1160 urbls
809 1100 854 1159 vla
867 1097 971 1158 Nolam
986 1097 1058 1157 let

77 1191 153 1245 rente
170 1184 326 1262 elluglunt.
351 1182 529 1245 Samnitibus
544 1182 670 1245 exclusis
681 1183 717 1244 ab
732 1182 807 1244 urbe
821 1190 855 1242 ut
870 1180 1033 1261 expeditior

76 1265 286 1346 inpraesentia
299 1266 384 1346 luga,
404 1268 446 1328 ita
463 1267 593 1338 foedior,
613 1273 768 1347 postquam
785 1264 918 1346 periculo
934 1282 1032 1327 evase·

77 1358 155 1421 mut,
177 1354 257 1423 risa,
282 1352 391 1431 quippe
406 1354 457 1430 qul
475 1353 605 1413 inermes
619 1350 700 1412 nulla
715 1368 818 1412 rerum
832 1368 952 1411 suarum
975 1357 1062 1409 nouo

77 1432 172 1496 relicta
182 1438 267 1497 inter
277 1435 377 1496 hostes
388 1434 549 1496 ludibrium
561 1453 621 1497 non
632 1437 762 1497 externis
772 1435 870 1506 modo,
882 1434 935 1495 sed
946 1435 1033 1495 etiarn

77 1518 280 1597 popularibus,
302 1518 419 1598 spoliati
436 1528 524 1600 atque
539 1527 660 1599 egentes
677 1519 780 1582 domos
796 1518 923 1580 redlere.
954 1516 1061 1579 haudo

76 1599 189 1677 ignarus
205 1603 356 1683 opinionis
371 1602 505 1675 alterius,
528 1622 585 1684 qua
605 1604 679 1665 haec
694 1604 822 1685 proditio
844 1603 881 1665 ab
896 1604 1033 1666 Samniti·

77 1680 125 1745 bus
137 1687 215 1749 lacta
226 1688 363 1757 traditur,
380 1706 447 1749 cum
458 1687 626 1750 auctoribus
637 1689 694 1750 boc
706 1688 783 1760 dedi,
800 1687 906 1768 quibus
917 1687 1034 1767 dignius

79 1769 152 1829 credi
173 1781 233 1843 est,
255 1778 319 1833 tum
340 1772 445 1833 foedus
461 1771 685 1851 Neapolitanum
708 1790 804 1833 -eo
826 1774 904 1833 enim
928 1771 1034 1833 deinde

79 1866 184 1916 summa
199 1857 246 1918 rei
262 1856 443 1918 Graecorum
455 1857 535 1917 veuit
551 1890 586 1901 -
604 1855 728 1918 similius
739 1875 809 1918 vero
825 1856 895 1917 lacit
909 1857 990 1935 ipsos
1003 1856 1035 1915 ln

80 1937 231 2001 amicitiam
243 1939 366 2002 redisse.
392 1939 517 2001 Publilio
529 1940 697 2020 triumphus
707 1940 857 2011 decretus,
874 1939 953 2019 quod
964 1939 1061 2001 satist

80 2020 250 2086 credebatur
279 2023 433 2086 obsidione
458 2023 585 2085 domitos
612 2024 712 2085 hostes
743 2026 775 2084 ln
799 2023 889 2084 fidem
909 2024 1033 2084 venisse.

79 2099 131 2163 duo
155 2107 319 2187 singularia
339 2109 413 2169 haec
435 2109 462 2168 ei
488 2108 552 2167 viro
576 2108 705 2185 primum
720 2108 887 2186 contigere:
929 2124 1034 2186 proro-

81 2188 289 2334 gatiohimperii
313 2209 372 2252 non
395 2201 462 2251 ante
483 2191 515 2251 in
535 2189 595 2250 ullo
615 2190 692 2250 facta
711 2198 741 2251 et
762 2198 827 2250 acto
847 2190 962 2249 honore
981 2191 1034 2249 tri·

80 2285 209 2350 tmpus.

136 2356 248 2423 xxvn.
277 2358 361 2420 Aliud
375 2358 500 2420 subinde
514 2354 624 2418 bellum
640 2374 707 2417 curu
723 2355 844 2418 alterius
860 2372 929 2415 orae
944 2355 1060 2416 Grae-1

84 2437 120 2496 tls
133 2453 279 2507 exortum.
308 2460 435 2522 namque
452 2442 606 2504 Tarentini
620 2458 689 2502 cum
708 2458 773 2503 rem
787 2439 1064 2519 Palaepolitanam

82 2535 149 2585 vana
169 2547 222 2608 spe
242 2526 343 2588 auxilii
363 2527 540 2607 aliquamdiu
560 2526 784 2597 sustinuissent,
805 2533 960 2606 postquam
976 2525 1034 2586 lio·

83 2618 177 2699 manos
191 2612 269 2675 urbe
288 2612 397 2691 potitos
412 2628 568 2691 accepere,
595 2610 674 2672 velut
695 2612 827 2674 destituti
848 2628 883 2673 ac
903 2628 963 2672 nou
985 2611 1036 2690 qul

83 2691 134 2764 apsi
149 2694 364 2765 destituissent,
388 2696 543 2775 increpare
559 2694 806 2776 Palaepolitanos,
827 2699 871 2758 ira
888 2704 975 2776 atque
989 2697 1035 2756 in-

84 2771 152 2836 noia
163 2779 194 2840 in
212 2784 361 2844 Romanos
375 2780 491 2848 iuuere,
507 2797 542 2841 eo
558 2781 645 2841 etiam
663 2781 742 2860 quod
759 2781 893 2843 Lucanos
910 2791 940 2842 et
956 2781 1035 2860 Apu·

84 2848 171 2914 los-
181 2882 251 2926 nam
262 2871 386 2942 unaque
397 2881 433 2925 eo
444 2880 523 2925 anno
537 2866 661 2925 societas
675 2873 779 2944 coepta
794 2875 838 2926 est
849 2899 891 2909 —
901 2867 933 2923 in
946 2864 1035 2923 fidem

87 2945 177 3018 populi
193 2949 320 3010 Romani
339 2948 452 3008 venisse
468 2947 596 3010 adlatum
615 2954 673 3008 est:
697 2950 805 3027 quippe
822 2945 1065 3026 propemodums

86 3034 251 3096 perventum
265 3031 302 3092 ad
316 3049 348 3093 se
362 3049 440 3100 esse,
456 3033 573 3112 iamque
587 3034 618 3093 iu
631 3050 667 3094 eo
681 3050 746 3092 rem
761 3030 839 3100 lore,
864 3037 898 3091 ut
911 3030 1036 3090 Romani

87 3116 130 3167 aut
149 3112 248 3178 hostes
267 3125 317 3178 aut
338 3115 450 3177 domini
468 3116 596 3178 habendi
616 3117 684 3178 siut.
722 3114 880 3177 discrimen
901 3110 1065 3192 prolectet

87 3200 179 3258 lirum
201 3219 321 3262 suarum
343 3203 375 3261 in
396 3198 475 3260 bello
489 3200 665 3262 Samnitium
684 3207 847 3278 eventuque
867 3200 930 3259 eius
952 3196 1036 3258 verti.

88 3286 146 3337 ⁰³11]
160 3283 251 3345 solam
268 3294 387 3364 gentem
400 3289 529 3362 restare,
551 3302 607 3345 nec
623 3302 688 3344 eam
708 3283 803 3362 ipsam
818 3283 888 3343 satis
902 3279 1036 3352 validam,

90 3364 196 3431 quando
213 3369 348 3431 Lucanus
363 3367 521 3438 defecerim
543 3386 632 3447 quem
652 3367 786 3427 reuocari
808 3366 903 3427 adhuc
922 3363 1065 3445 inpelli-5

88 3453 139 3516 que
156 3449 190 3509 ad
207 3452 381 3515 abolendam
397 3452 566 3513 societatem
581 3452 743 3513 Romanam
760 3468 860 3530 posse,
877 3451 974 3531 siqua
989 3468 1038 3511 ars

90 3532 211 3596 serendis
232 3537 386 3599 discordiis
407 3536 588 3599 adhibeatur.
625 3534 700 3597 haec
720 3534 841 3596 consilia
865 3554 931 3597 eum
960 3533 1066 3615 apudt
