2575 4067
330 252 426 294 ntnnn
439 251 482 293 tx.
499 251 566 293 etr.
579 237 623 292 2⁶.
640 238 683 291 tt.
699 233 739 310 [s.
757 233 791 292 Ο.
806 231 867 308 314]
1020 236 1081 298 itt

121 410 262 481 appareat
276 400 445 459 innocentia
459 403 560 459 nostra
577 415 645 465 nos.
662 414 722 458 non
733 399 885 459 maiestate
899 399 1020 460 honoris
1033 406 1080 459 tu·

121 494 192 560 tosa
209 480 466 543 criminationibus
476 482 540 542 istis
552 489 648 542 esse.“
678 479 795 541 abdicat
808 480 877 541 inde
891 482 1122 543 mdiotnturrit

119 576 230 646 etpost
246 584 314 627 eum
330 565 485 626 confestim
501 563 615 626 Foslius
629 565 800 643 magisterio
814 565 960 643 equitum,
976 566 1079 644 primi·

117 670 175 731 que
191 650 271 730 apud
288 647 424 710 musuleo
437 682 481 697 -
493 649 530 709 iis
547 649 626 709 enim
642 647 680 708 ab
693 656 798 708 senatu
815 646 952 709 mandata
972 665 1021 708 res
1036 657 1081 709 eat

116 735 221 795 -rei
241 733 311 794 iacti
328 731 468 794 adversus
490 730 633 793 nobilium
656 732 824 792 testimonia
847 732 965 810 egregio
985 730 1081 792 absol·

116 826 237 879 vuntur.
270 814 412 877 Publilius
428 817 515 876 etiam
531 813 615 876 Philo
631 812 830 894 multiplicatis
845 815 967 876 summis
982 815 1076 878 hono·
1086 822 1117 872 21

116 901 203 962 ribus
220 908 288 979 post
301 917 351 960 res
371 907 415 960 tot
428 899 508 959 domi
528 897 665 978 belloque
679 907 790 977 gestas,
817 907 948 960 ceterum
971 899 1081 959 invisus

117 983 279 1053 nobilitati,
296 1000 415 1044 causam
429 982 502 1043 dixit
521 980 729 1061 absolutusque
745 992 799 1043 est.
828 999 884 1042 neo
900 982 1023 1053 dlutius,
1047 990 1123 1044 utta

116 1070 165 1141 ut,
176 1074 270 1148 'quam
283 1067 353 1128 dum
367 1072 563 1135 recenserat,
579 1067 711 1145 quaestio
724 1083 779 1146 per
789 1064 869 1126 ciera
883 1068 1002 1128 nomine
1015 1083 1081 1127 reo·

117 1170 188 1212 rum
203 1153 311 1229 vigum
334 1148 405 1211 inde
418 1147 478 1211 tabi
494 1149 593 1229 coepit
605 1149 642 1209 ad
661 1148 764 1211 utimr
780 1149 888 1228 cupita,
911 1148 1005 1211 donec
1019 1150 1080 1210 coi·

116 1235 251 1296 tionibus
261 1233 512 1312 factionibusque,
529 1233 668 1295 adversus
679 1250 753 1312 quas
764 1242 924 1311 conparata
935 1242 1012 1303 erut,
1028 1251 1081 1313 op·

139 1336 223 1380 ressa
238 1325 291 1378 est.

116 1339 138 1400 p
181 1401 294 1464 xxvn.
322 1401 432 1463 Earum
454 1402 531 1464 lerna
548 1419 663 1473 rerum,
687 1402 779 1480 magis
802 1412 900 1465 umen
914 1421 982 1484 spes
996 1404 1105 1467 cnm-r

117 1504 215 1571 panae
232 1486 419 1556 deiectionis,
438 1487 470 1546 in
486 1505 574 1566 quarn
589 1487 866 1558 commurmurat,
888 1487 1034 1550 Samnites
1049 1488 1081 1547 in

118 1570 256 1652 Apuliam
274 1587 374 1631 versos
393 1587 497 1631 rursus
515 1570 552 1631 ad
569 1569 712 1633 Gaudium
727 1573 889 1642 revocavit,
912 1581 945 1632 ut
957 1572 1028 1632 inde
1043 1579 1107 1632 ext

118 1657 302 1737 propinquo,
318 1654 408 1733 siqui
418 1663 515 1715 motus
526 1655 710 1716 occutonem
722 1657 866 1735 aperiret,
883 1656 1012 1735 Capuam
1021 1655 1079 1718 lio·

119 1740 215 1801 manis
232 1740 390 1818 eriperent
430 1755 465 1798 eo
483 1736 619 1799 eonsules
636 1756 703 1800 oum
726 1737 820 1801 valido
841 1741 972 1807 exercitu
991 1746 1108 1801 rene-t

120 1832 200 1884 runt.
233 1831 262 1883 et
277 1824 374 1901 primo
386 1821 465 1883 eirca
477 1820 582 1891 saltus,
598 1839 667 1884 eum
679 1823 828 1904 utrimque
842 1824 879 1885 ad
893 1824 1008 1886 hostem
1022 1825 1079 1885 lni-

119 1927 178 1987 qua
193 1907 240 1966 via
258 1914 351 1975 esset,
373 1908 502 1968 cunctati
519 1914 602 1975 sunt;
625 1907 731 1968 deiude
747 1908 894 1970 Samnites
907 1925 962 1987 per
979 1915 1107 1988 apertat

120 1991 186 2051 loca
200 1989 283 2050 brevi
298 1990 421 2050 circuitu
442 1991 473 2050 in
488 1988 552 2051 loca
566 1989 667 2069 plana,
691 1991 855 2071 Campanos
871 2008 1005 2070 campos,
1028 2009 1077 2070 eg·

118 2092 190 2135 men
199 2072 370 2143 demittunt,
386 2072 486 2153 ibique
496 2075 625 2153 primum
637 2082 732 2134 castra
745 2075 777 2134 in
788 2082 977 2153 conspectum
987 2075 1079 2136 hosti·

119 2157 176 2218 bus
196 2156 279 2227 data,
300 2154 407 2217 deinde
427 2154 539 2217 levibus
558 2155 679 2235 proeliis
699 2159 829 2236 equitum
852 2159 969 2236 saepius
981 2165 1107 2237 ‚quam

118 2240 251 2320 peditum
266 2241 415 2320 utrimque
428 2239 592 2319 periculum
609 2238 735 2308 iactum:
758 2257 813 2299 nec
830 2246 880 2301 eut
894 2246 1014 2300 eventus
1029 2258 1079 2299 eo·

118 2343 187 2386 rum
203 2324 368 2385 Romanum
382 2332 433 2384 aut
451 2342 568 2393 morae,
591 2341 648 2402 qua
663 2323 819 2384 trahebant
833 2321 957 2393 bellum,
978 2324 1078 2402 paeni·

119 2407 209 2469 tebet.
237 2407 411 2469 Samnitium
436 2417 539 2469 contra
554 2406 677 2468 ducibus
701 2416 730 2467 et
747 2408 829 2487 carpi
848 2407 946 2485 parvis
971 2405 1106 2468 condiet

119 2493 235 2553 damnis
249 2500 279 2552 et
294 2509 451 2553 senescere
467 2490 606 2553 dilatione
625 2489 695 2551 belli
714 2492 789 2552 vires
810 2509 880 2553 suae
893 2488 1077 2553 uidebantur.

118 2578 218 2656 itaque
232 2578 264 2635 in
274 2577 367 2636 aciem
381 2575 545 2654 procedunt
555 2574 701 2655 equitibus
715 2578 747 2636 in
761 2593 872 2638 cornua
882 2576 994 2649 divisis,
1012 2578 1103 2657 qui-'i

119 2660 177 2720 bus
192 2668 383 2739 praeceptum
397 2669 475 2730 erat,
490 2661 664 2722 intentiores
675 2659 712 2721 ad
725 2671 892 2740 respectum
904 2671 1077 2734 castrorum,

119 2758 158 2804 ne
179 2761 236 2821 qua
258 2762 294 2803 eo
313 2744 356 2803 vis
375 2742 475 2815 lieret,
504 2762 591 2824 quam
607 2744 643 2803 ad
663 2743 808 2823 proelium
831 2753 956 2809 starent:
984 2749 1078 2809 aciem

118 2827 212 2906 pediti
231 2834 324 2888 tutam
345 2827 418 2889 iore.
454 2827 607 2889 consulum
623 2825 768 2907 Sulpicius
785 2830 817 2889 in
832 2831 949 2900 dextro,
972 2832 1104 2891 Poste-8

118 2910 175 2970 iius
190 2913 222 2970 iu
236 2909 319 2972 laevo
331 2928 425 2971 cornu
436 2914 607 2974 consistunt.
638 2909 740 2971 dextra
753 2929 836 2990 pars,
854 2931 911 2991 qua
923 2921 952 2973 et
963 2912 1078 2974 Samni·

118 3002 163 3054 tes
175 2996 250 3054 raris
261 2993 425 3063 ordinibus,
441 3003 491 3055 aut
501 2996 538 3057 ad
548 2993 775 3056 circumeundos
785 2995 895 3064 hostes,
914 3005 964 3055 aut
974 3012 1011 3054 nc
1022 2995 1079 3072 ipsi

118 3080 356 3147 circumirentur,
370 3080 570 3150 constiterant,
582 3079 669 3140 latius
677 3077 821 3158 peteiactr
833 3078 928 3139 stetit:
939 3079 1074 3149 sinistris,
1087 3084 1104 3137 ti

118 3169 326 3241 praeterquam
338 3160 417 3240 quod
428 3162 621 3223 coniertiores
629 3168 780 3232 steterant,
793 3163 950 3239 repentino
957 3160 1078 3223 consilio

118 3244 242 3307 Poetelii
256 3244 386 3306 consulis
405 3243 521 3306 additae
544 3247 636 3314 vires,
660 3248 711 3324 qui
728 3244 918 3306 subsidiarias
932 3246 1077 3316 cobortes,

118 3347 193 3409 quae
209 3330 343 3407 integrae
357 3329 395 3389 ad
409 3327 552 3406 longioris
562 3345 680 3408 pugnae
692 3345 776 3389 casus
790 3328 1032 3399 reservabantur,
1046 3331 1078 3393 in

118 3415 245 3490 primam
256 3414 350 3474 aciem
362 3411 509 3491 extemplo
522 3413 630 3480 emisit,
642 3413 846 3492 universisque
856 3412 970 3474 bostem
982 3415 1079 3494 primo

118 3496 230 3576 impetu
251 3496 362 3556 viribus
379 3495 494 3576 inpulit.
522 3504 667 3558 commota
682 3497 892 3575 pedestriacie
902 3497 1076 3560 Samnitium
1088 3500 1119 3557 10
