2575 4067
244 247 285 307 14
422 256 515 299 cisne
528 256 584 299 ιιι,
609 255 679 298 ose.
696 242 736 296 13.
753 245 795 297 14.
813 253 853 317 qa.
868 259 900 299 u.
916 259 943 298 c.
958 235 1022 317 396]

243 406 343 467 hostes
355 403 432 466 baud
444 421 528 465 secus
539 422 626 483 quarn
636 403 760 464 ieminas
773 402 909 463 abditos
900 411 978 462 intra
989 400 1097 463 vallum
1105 406 1203 464 omni·

243 490 299 550 bus
322 486 506 549 contumeliis
525 486 661 559 eludunt,
683 495 713 546 et
738 497 771 547 tu
793 487 955 566 imperator
977 495 1092 556 noster,
1122 486 1204 565 quod

244 573 360 650 aegrius
374 573 516 651 patimur,
533 572 696 631 exercitum
712 577 794 631 tuum
810 570 874 630 sine
886 569 1005 638 animis,
1020 570 1085 630 sine
1100 570 1202 639 armis,

244 657 308 715 sine
321 653 456 715 manibus
467 652 579 715 iudicas
591 671 655 714 esse
667 660 704 723 et,
715 655 886 732 priusquam
898 668 1035 730 expertus
1046 670 1101 713 nos
1113 670 1204 723 esses,

245 738 281 799 de
292 737 399 798 nobis
390 746 430 797 ita
441 736 612 816 desperasti,
628 746 661 797 ut
671 744 700 796 te
713 753 885 797 mancorum
897 753 931 796 ac
943 734 1083 797 debilium
1096 735 1205 797 ducem

212 830 228 881 ⁷
244 821 388 883 iudicares
403 838 476 881 esse.
504 819 574 899 quid
589 821 669 880 enirn
680 819 758 880 aliud
770 838 834 880 esse
847 836 953 881 causae
963 818 1132 888 credamus,
1149 836 1206 879 cur

244 913 398 966 veteranus
412 903 486 973 dux,
509 903 684 963 fortissimus
701 901 794 973 bello,
817 902 998 983 conpressis,
1014 901 1093 980 quod
1111 903 1204 972 aiunt,

244 987 380 1049 manibus
391 986 511 1048 sedeasi
525 995 684 1065 utcumque
697 987 776 1046 enim
788 1004 820 1046 se
830 985 920 1046 habet
930 1002 992 1056 res,
1008 994 1038 1045 te
1053 983 1090 1045 de
1101 995 1205 1046 nostra

212 1073 350 1132 aristote
366 1069 515 1131 dubitasse
533 1068 627 1129 videri
650 1087 739 1148 quam
761 1086 815 1130 nos
831 1069 868 1129 de
889 1078 939 1129 tua
953 1070 1051 1128 verius
1073 1077 1126 1128 est.
1157 1069 1203 1131 sin

246 1164 415 1216 autemnon
426 1160 510 1215 tuum
521 1153 610 1222 istuc,
622 1153 675 1213 sed
688 1151 839 1232 publicum
851 1161 897 1212 est
908 1151 1077 1221 consilium,
1090 1158 1120 1211 et
1131 1169 1203 1211 con·

244 1256 347 1299 sensus
363 1236 453 1317 aliqui
468 1243 600 1316 patrum,
622 1253 683 1296 non
699 1234 841 1298 Gallicum
863 1233 974 1296 bellum
992 1252 1046 1295 nos
1063 1233 1100 1295 ab
1116 1233 1204 1309 urbe,

245 1319 432 1401 apcnaiibus
448 1321 556 1380 nostris
577 1317 724 1416 ablegatos
739 1326 836 1388 tenet,
858 1336 982 1397 quaeso,
1002 1325 1035 1379 ut
1055 1335 1104 1388 ea,
1127 1336 1204 1396 quae

246 1405 355 1474 dicam,
377 1421 438 1463 non
454 1421 470 1463 a
487 1400 627 1462 militibus
648 1402 821 1481 imperatori
846 1401 923 1462 dicta
945 1418 1083 1471 censeas,
1108 1400 1205 1462 seda

245 1486 331 1567 plebe
342 1485 489 1565 patribus,
508 1485 674 1562 quae,sicut
688 1502 739 1544 vos
752 1494 846 1546 vestra
860 1483 992 1546 habeatis
1007 1447 1143 1554 consilia,
1161 1485 1206 1544 sic

214 1579 278 1631 ese
294 1587 346 1630 sua
361 1567 527 1629 babituram
543 1566 628 1629 dicat.
664 1568 729 1647 quis
748 1567 868 1628 tandem
888 1576 1072 1637 suscenseat,
1094 1566 1206 1627 milites

246 1671 301 1713 nos
319 1649 932 1721 esse,nonservosrestros,adbelium,
954 1668 1015 1711 non
1034 1650 1205 1711 inexilium

246 1736 364 1804 missos;
396 1736 420 1795 si
437 1736 502 1813 quis
520 1733 607 1794 det
583 1751 714 1812 signum,
735 1735 767 1793 in
781 1735 875 1794 aciem
891 1733 1009 1805 educat,
1037 1741 1070 1793 nt
1084 1734 1154 1794 viris
1169 1752 1206 1794 ac

245 1819 384 1879 Romanis
401 1817 521 1896 dignum
536 1818 587 1887 sit,
608 1825 805 1897 pugnaturos,
829 1818 855 1877 si
870 1816 943 1877 nibli
957 1818 1048 1879 arnus
1066 1835 1140 1896 opus
1156 1818 1204 1887 sit,

246 1903 338 1962 otium
353 1901 464 1961 Romae
480 1900 578 1980 potius
600 1918 688 1979 quam
707 1900 856 1960 incastris
874 1910 1000 1962 acturos.
1034 1900 1108 1961 haec
1126 1899 1206 1961 dicta

205 1986 304 2046 losint
319 1985 466 2063 patribus:
496 1991 540 2053 te,
556 1985 732 2062 imperator,
748 1982 856 2044 milites
871 1983 913 2045 tui
928 2002 1059 2055 oramus,
1075 1991 1108 2045 ut
1118 1982 1205 2044 nobis

245 2067 396 2148 pugnandi
417 2069 531 2147 copiam
551 2067 649 2127 iacias.
686 2085 753 2127 oum
779 2068 898 2128 vincere
924 2068 1065 2146 cupimus,
1084 2075 1148 2128 tum
1174 2076 1206 2126 te

247 2152 321 2212 duce
328 2152 454 2222 vincere,
471 2149 525 2211 tibi
539 2149 670 2211 lauream
684 2150 830 2228 insignem
846 2148 972 2220 deferre,
989 2158 1088 2211 tecum
1098 2151 1205 2210 trium

247 2235 372 2314 phantes
383 2234 489 2295 urbem
502 2234 594 2303 inire,
610 2240 694 2294 tuum
705 2240 861 2314 sequentes
876 2251 997 2295 crurum
1011 2234 1086 2294 lou‘s
1100 2234 1206 2312 optimi

206 2325 235 2377 ii
248 2319 367 2380 maximi
380 2317 523 2398 templum
536 2326 685 2396 gratantes
699 2323 876 2396 orantesque
897 2316 1009 2377 adire.“
1040 2317 1207 2377 orationem

246 2402 324 2470 Tulli
339 2408 517 2481 exceperunt
530 2418 634 2479 preces
649 2398 857 2468 multitudinis,
881 2409 910 2461 et
927 2400 1071 2479 undique,
1093 2409 1126 2460 ut
1145 2399 1205 2478 sig·

246 2504 317 2546 num
334 2484 430 2553 daret,
446 2491 479 2542 nt
493 2500 599 2561 capere
614 2500 696 2544 arma
710 2482 841 2553 iuberet,
858 2482 1031 2545 clamabant.

215 2577 229 2626 1
307 2566 379 2626 XIV.
412 2564 542 2626 Dictator
560 2583 736 2645 quamquam
759 2584 824 2627 rem
843 2565 951 2627 bonam
973 2564 1107 2645 exemplo
1125 2566 1206 2626 baud

247 2646 393 2729 probabili
414 2657 509 2710 actam
529 2648 682 2719 censebat,
709 2656 809 2710 tamen
830 2649 977 2711 iacturum
999 2648 1077 2727 quod
1097 2647 1207 2709 milites

246 2731 355 2794 vellent
368 2750 400 2792 sc
414 2733 540 2810 recepit,
558 2729 745 2811 Tulliumque
761 2739 890 2803 secreto,
908 2751 1052 2812 quaenam
1067 2732 1141 2793 haec
1156 2751 1206 2793 res

216 2826 233 2874 2
250 2817 287 2876 sit
301 2823 351 2876 aut
365 2833 423 2894 quo
439 2823 503 2876 acta
519 2834 617 2885 more,
634 2822 833 2895 percontatur.
865 2815 978 2878 'iirllius
990 2834 1097 2895 magno
1114 2832 1207 2894 opere

247 2920 264 2962 a
278 2898 419 2960 dictatore
433 2906 549 2977 petere,
565 2917 603 2959 ne
617 2918 650 2960 se
664 2898 786 2961 oblitum
802 2898 973 2979 disciplinae
994 2898 1143 2969 militaris,
1168 2916 1206 2958 ne

247 2984 293 3045 sui
323 3001 397 3044 nere
422 2984 629 3062 imperatoriae
654 2983 813 3043 maiestatis
841 2983 992 3044 crederet:
1023 2981 1207 3043 multitudini

247 3068 423 3136 concitatae,
443 3084 518 3144 quae
533 3067 627 3127 ierme
646 3065 814 3127 auctoribus
829 3066 935 3127 similis
951 3074 1042 3135 esset,
1059 3083 1120 3126 non
1134 3063 1205 3125 sub·

247 3151 370 3212 traxisse
384 3168 417 3211 se
433 3148 554 3218 ducem,
572 3166 609 3207 ne
624 3150 690 3227 quis
705 3148 792 3220 alius,
810 3149 905 3229 qualis
920 3158 1000 3211 mota
1015 3166 1118 3211 creare
1129 3145 1206 3209 mul·

213 3239 230 3292 3
246 3233 339 3296 titudo
354 3232 477 3302 soleret,
494 3233 642 3293 existeret.
665 3249 733 3293 nam
747 3250 779 3293 se
793 3234 913 3312 quidem
925 3231 998 3294 nibil
1009 3250 1070 3292 non
1082 3231 1206 3293 arbitrio

246 3318 432 3395 imperatoris
446 3323 594 3384 acturum;
616 3314 659 3376 illi
679 3334 795 3395 quoque
809 3325 907 3378 tamen
923 3315 1081 3377 ridendum
1096 3332 1205 3392 magno
1275 3353 1276 3366 ι

247 3416 434 3477 operosam,
461 3409 493 3461 ut
514 3400 676 3461 exercitum
697 3400 727 3460 in
754 3407 899 3479 potestate
921 3398 1055 3461 haberet.
1093 3397 1205 3458 dilierri

247 3497 307 3543 non
330 3498 417 3557 posse
437 3482 510 3543 adeo
532 3484 693 3545 concitatos
714 3485 843 3552 animos;
873 3483 953 3563 ipsos
973 3482 1031 3542 sibi
1051 3481 1149 3542 iocum
1171 3499 1205 3540 ac
