<?xml version="1.0" encoding="UTF-8"?>
<!DOCTYPE html PUBLIC "-//W3C//DTD XHTML 1.0 Transitional//EN"
    "http://www.w3.org/TR/xhtml1/DTD/xhtml1-transitional.dtd">
<html xmlns="http://www.w3.org/1999/xhtml" xml:lang="en" lang="en">
 <head>
  <title>
</title>
<meta http-equiv="Content-Type" content="text/html;charset=utf-8" />
  <meta name='ocr-system' content='tesseract 3.04.00' />
  <meta name='ocr-capabilities' content='ocr_page ocr_carea ocr_par ocr_line ocrx_word'/>
</head>
<body>
  <div class='ocr_page' id='page_1' title='image "./aburbeconditali12livygoog_0024.png"; bbox 0 0 2575 4067; ppageno 0'>
   <div class='ocr_carea' id='block_1_1' title="bbox 251 209 1069 292">
    <p class='ocr_par' dir='ltr' id='par_1_1' title="bbox 251 209 1069 292">
     <span class='ocr_line' id='line_1_1' title="bbox 251 209 1069 292; baseline -0.011 -17"><span class='ocrx_word' id='word_1_1' title='bbox 251 218 291 283; x_wconf 84' lang='lat'><strong>18</strong></span> <span class='ocrx_word' id='word_1_2' title='bbox 397 232 491 274; x_wconf 75' lang='lat' dir='ltr'><strong>arene</strong></span> <span class='ocrx_word' id='word_1_3' title='bbox 504 232 562 276; x_wconf 82' lang='lat' dir='ltr'>v11.</span> <span class='ocrx_word' id='word_1_4' title='bbox 583 231 652 275; x_wconf 79' lang='lat' dir='ltr'><strong>cae.</strong></span> <span class='ocrx_word' id='word_1_5' title='bbox 671 218 768 272; x_wconf 60' lang='lat'>1218.</span> <span class='ocrx_word' id='word_1_6' title='bbox 784 209 824 292; x_wconf 84' lang='lat' dir='ltr'><strong>[a.</strong></span> <span class='ocrx_word' id='word_1_7' title='bbox 839 233 870 273; x_wconf 91' lang='lat' dir='ltr'><strong>u.</strong></span> <span class='ocrx_word' id='word_1_8' title='bbox 886 231 912 273; x_wconf 85' lang='lat' dir='ltr'><strong>c.</strong></span> <span class='ocrx_word' id='word_1_9' title='bbox 930 211 1069 292; x_wconf 71' lang='lat' dir='ltr'><strong>cosmo]</strong></span> 
     </span>
    </p>
   </div>
   <div class='ocr_carea' id='block_1_2' title="bbox 250 359 1281 459">
    <p class='ocr_par' dir='ltr' id='par_1_2' title="bbox 250 359 1281 459">
     <span class='ocr_line' id='line_1_2' title="bbox 250 359 1281 459; baseline -0.013 -15"><span class='ocrx_word' id='word_1_10' title='bbox 250 389 281 444; x_wconf 88' lang='lat' dir='ltr'><strong>et</strong></span> <span class='ocrx_word' id='word_1_11' title='bbox 301 379 417 443; x_wconf 78' lang='lat' dir='ltr'><strong>attoniti</strong></span> <span class='ocrx_word' id='word_1_12' title='bbox 434 380 625 440; x_wconf 89' lang='lat' dir='ltr'><strong>munimentis</strong></span> <span class='ocrx_word' id='word_1_13' title='bbox 650 380 711 440; x_wconf 89' lang='lat' dir='ltr'><strong>suis</strong></span> <span class='ocrx_word' id='word_1_14' title='bbox 735 378 852 459; x_wconf 92' lang='lat' dir='ltr'><strong>trepido</strong></span> <span class='ocrx_word' id='word_1_15' title='bbox 880 379 997 456; x_wconf 81' lang='lat' dir='ltr'>agmine</span> <span class='ocrx_word' id='word_1_16' title='bbox 1023 378 1209 450; x_wconf 84' lang='lat' dir='ltr'><strong>inciderunt;</strong></span> <span class='ocrx_word' id='word_1_17' title='bbox 1280 359 1281 396; x_wconf 62' lang='lat'><em>³</em></span> 
     </span>
    </p>
   </div>
   <div class='ocr_carea' id='block_1_3' title="bbox 220 462 1211 544">
    <p class='ocr_par' dir='ltr' id='par_1_3' title="bbox 220 462 1211 544">
     <span class='ocr_line' id='line_1_3' title="bbox 220 462 1211 544; baseline 0.002 -20"><span class='ocrx_word' id='word_1_18' title='bbox 220 475 236 524; x_wconf 81' lang='lat' dir='ltr'><strong>l</strong></span> <span class='ocrx_word' id='word_1_19' title='bbox 251 464 374 535; x_wconf 89' lang='lat' dir='ltr'><strong>deindo,</strong></span> <span class='ocrx_word' id='word_1_20' title='bbox 390 462 442 524; x_wconf 92' lang='lat' dir='ltr'><strong>ubi</strong></span> <span class='ocrx_word' id='word_1_21' title='bbox 453 462 557 524; x_wconf 88' lang='lat' dir='ltr'><strong>consul</strong></span> <span class='ocrx_word' id='word_1_22' title='bbox 566 463 713 544; x_wconf 90' lang='lat' dir='ltr'><strong>legatique</strong></span> <span class='ocrx_word' id='word_1_23' title='bbox 724 481 759 524; x_wconf 92' lang='lat' dir='ltr'><strong>ac</strong></span> <span class='ocrx_word' id='word_1_24' title='bbox 768 462 881 524; x_wconf 90' lang='lat' dir='ltr'><strong>tribuni</strong></span> <span class='ocrx_word' id='word_1_25' title='bbox 890 479 1053 541; x_wconf 91' lang='lat' dir='ltr'><strong>puerorum</strong></span> <span class='ocrx_word' id='word_1_26' title='bbox 1064 463 1125 523; x_wconf 90' lang='lat' dir='ltr'><strong>ritu</strong></span> <span class='ocrx_word' id='word_1_27' title='bbox 1134 481 1211 526; x_wconf 81' lang='lat' dir='ltr'><strong>vana</strong></span> 
     </span>
    </p>
   </div>
   <div class='ocr_carea' id='block_1_4' title="bbox 251 545 1281 626">
    <p class='ocr_par' dir='ltr' id='par_1_4' title="bbox 251 545 1281 626">
     <span class='ocr_line' id='line_1_4' title="bbox 251 545 1281 626; baseline -0.006 -14"><span class='ocrx_word' id='word_1_28' title='bbox 251 546 393 612; x_wconf 88' lang='lat' dir='ltr'><strong>miracula</strong></span> <span class='ocrx_word' id='word_1_29' title='bbox 413 548 545 626; x_wconf 84' lang='lat' dir='ltr'><strong>parentis</strong></span> <span class='ocrx_word' id='word_1_30' title='bbox 565 546 734 608; x_wconf 84' lang='lat' dir='ltr'><strong>inridebant</strong></span> <span class='ocrx_word' id='word_1_31' title='bbox 748 545 1013 626; x_wconf 78' lang='lat' dir='ltr'><strong>increpabantque,</strong></span> <span class='ocrx_word' id='word_1_32' title='bbox 1035 547 1123 607; x_wconf 87' lang='lat' dir='ltr'><strong>vertit</strong></span> <span class='ocrx_word' id='word_1_33' title='bbox 1146 550 1211 608; x_wconf 91' lang='lat' dir='ltr'><strong>ani·</strong></span> <span class='ocrx_word' id='word_1_34' title='bbox 1280 553 1281 606; x_wconf 54' lang='grc' dir='ltr'><strong>ζ</strong></span> 
     </span>
    </p>
   </div>
   <div class='ocr_carea' id='block_1_5' title="bbox 219 630 1213 1885">
    <p class='ocr_par' dir='ltr' id='par_1_5' title="bbox 219 630 1213 1885">
     <span class='ocr_line' id='line_1_5' title="bbox 251 630 1212 712; baseline -0.001 -18"><span class='ocrx_word' id='word_1_35' title='bbox 251 651 316 695; x_wconf 91' lang='lat' dir='ltr'><strong>mos</strong></span> <span class='ocrx_word' id='word_1_36' title='bbox 336 639 459 712; x_wconf 91' lang='lat' dir='ltr'><strong>repente</strong></span> <span class='ocrx_word' id='word_1_37' title='bbox 478 630 588 712; x_wconf 91' lang='lat' dir='ltr'><strong>pudor,</strong></span> <span class='ocrx_word' id='word_1_38' title='bbox 609 639 640 694; x_wconf 93' lang='lat' dir='ltr'><strong>et</strong></span> <span class='ocrx_word' id='word_1_39' title='bbox 660 633 692 692; x_wconf 93' lang='lat' dir='ltr'><strong>in</strong></span> <span class='ocrx_word' id='word_1_40' title='bbox 709 649 744 691; x_wconf 88' lang='lat' dir='ltr'><strong>ea</strong></span> <span class='ocrx_word' id='word_1_41' title='bbox 763 633 841 712; x_wconf 90' lang='lat' dir='ltr'><strong>ipsa,</strong></span> <span class='ocrx_word' id='word_1_42' title='bbox 863 647 938 710; x_wconf 90' lang='lat' dir='ltr'><strong>quae</strong></span> <span class='ocrx_word' id='word_1_43' title='bbox 958 630 1110 708; x_wconf 83' lang='lat' dir='ltr'><strong>ingerant,</strong></span> <span class='ocrx_word' id='word_1_44' title='bbox 1130 630 1212 693; x_wconf 83' lang='lat' dir='ltr'><strong>velut</strong></span> 
     </span>
     <span class='ocr_line' id='line_1_6' title="bbox 219 714 1210 795; baseline -0.001 -19"><span class='ocrx_word' id='word_1_45' title='bbox 219 726 237 776; x_wconf 78' lang='lat' dir='ltr'><strong>b</strong></span> <span class='ocrx_word' id='word_1_46' title='bbox 252 719 332 778; x_wconf 85' lang='lat' dir='ltr'><strong>caeci</strong></span> <span class='ocrx_word' id='word_1_47' title='bbox 342 715 478 777; x_wconf 88' lang='lat' dir='ltr'><strong>ruebant.</strong></span> <span class='ocrx_word' id='word_1_48' title='bbox 507 715 638 777; x_wconf 89' lang='lat' dir='ltr'><strong>discusso</strong></span> <span class='ocrx_word' id='word_1_49' title='bbox 652 717 750 795; x_wconf 91' lang='lat' dir='ltr'><strong>itaque</strong></span> <span class='ocrx_word' id='word_1_50' title='bbox 761 733 835 776; x_wconf 86' lang='lat' dir='ltr'><strong>vano</strong></span> <span class='ocrx_word' id='word_1_51' title='bbox 847 714 989 793; x_wconf 91' lang='lat' dir='ltr'><strong>adparatu</strong></span> <span class='ocrx_word' id='word_1_52' title='bbox 999 715 1128 775; x_wconf 91' lang='lat' dir='ltr'><strong>bostium</strong></span> <span class='ocrx_word' id='word_1_53' title='bbox 1140 732 1210 775; x_wconf 87' lang='lat' dir='ltr'><strong>cum</strong></span> 
     </span>
     <span class='ocr_line' id='line_1_7' title="bbox 250 797 1210 880; baseline -0.003 -18"><span class='ocrx_word' id='word_1_54' title='bbox 250 802 282 862; x_wconf 91' lang='lat' dir='ltr'><strong>in</strong></span> <span class='ocrx_word' id='word_1_55' title='bbox 300 802 380 880; x_wconf 91' lang='lat' dir='ltr'><strong>ipsos</strong></span> <span class='ocrx_word' id='word_1_56' title='bbox 400 806 529 861; x_wconf 89' lang='lat' dir='ltr'><strong>armatos</strong></span> <span class='ocrx_word' id='word_1_57' title='bbox 546 817 579 860; x_wconf 90' lang='lat' dir='ltr'><strong>se</strong></span> <span class='ocrx_word' id='word_1_58' title='bbox 597 797 778 871; x_wconf 80' lang='lat' dir='ltr'><strong>intulissent,</strong></span> <span class='ocrx_word' id='word_1_59' title='bbox 800 804 970 859; x_wconf 81' lang='lat' dir='ltr'><strong>averterunt</strong></span> <span class='ocrx_word' id='word_1_60' title='bbox 993 805 1083 859; x_wconf 92' lang='lat' dir='ltr'><strong>totam</strong></span> <span class='ocrx_word' id='word_1_61' title='bbox 1098 800 1210 869; x_wconf 84' lang='lat' dir='ltr'><strong>aciem;</strong></span> 
     </span>
     <span class='ocr_line' id='line_1_8' title="bbox 251 881 1210 964; baseline -0.005 -17"><span class='ocrx_word' id='word_1_62' title='bbox 251 886 414 964; x_wconf 87' lang='lat' dir='ltr'><strong>castrisque</strong></span> <span class='ocrx_word' id='word_1_63' title='bbox 428 885 516 943; x_wconf 91' lang='lat' dir='ltr'><strong>etiam</strong></span> <span class='ocrx_word' id='word_1_64' title='bbox 531 900 565 943; x_wconf 92' lang='lat' dir='ltr'><strong>eo</strong></span> <span class='ocrx_word' id='word_1_65' title='bbox 583 883 631 943; x_wconf 92' lang='lat' dir='ltr'><strong>dio</strong></span> <span class='ocrx_word' id='word_1_66' title='bbox 645 884 731 961; x_wconf 90' lang='lat' dir='ltr'><strong>potiti</strong></span> <span class='ocrx_word' id='word_1_67' title='bbox 757 881 868 962; x_wconf 88' lang='lat' dir='ltr'><strong>praeda</strong></span> <span class='ocrx_word' id='word_1_68' title='bbox 882 883 996 959; x_wconf 76' lang='lat' dir='ltr'><strong>ingenti</strong></span> <span class='ocrx_word' id='word_1_69' title='bbox 1017 888 1102 962; x_wconf 88' lang='lat' dir='ltr'><strong>parta</strong></span> <span class='ocrx_word' id='word_1_70' title='bbox 1116 883 1210 943; x_wconf 80' lang='lat' dir='ltr'><strong>ricto·</strong></span> 
     </span>
     <span class='ocr_line' id='line_1_9' title="bbox 251 965 1210 1046; baseline -0.002 -16"><span class='ocrx_word' id='word_1_71' title='bbox 251 986 301 1030; x_wconf 89' lang='lat' dir='ltr'><strong>ros</strong></span> <span class='ocrx_word' id='word_1_72' title='bbox 315 973 514 1037; x_wconf 85' lang='lat' dir='ltr'><strong>reverterunt,</strong></span> <span class='ocrx_word' id='word_1_73' title='bbox 533 965 709 1027; x_wconf 85' lang='lat' dir='ltr'><strong>militaribus</strong></span> <span class='ocrx_word' id='word_1_74' title='bbox 722 968 795 1027; x_wconf 92' lang='lat' dir='ltr'><strong>iocis</strong></span> <span class='ocrx_word' id='word_1_75' title='bbox 806 984 874 1027; x_wconf 92' lang='lat' dir='ltr'><strong>cum</strong></span> <span class='ocrx_word' id='word_1_76' title='bbox 891 973 1064 1046; x_wconf 88' lang='lat' dir='ltr'><strong>apparatum</strong></span> <span class='ocrx_word' id='word_1_77' title='bbox 1077 965 1210 1028; x_wconf 91' lang='lat' dir='ltr'><strong>bostium</strong></span> 
     </span>
     <span class='ocr_line' id='line_1_10' title="bbox 219 1049 1210 1130; baseline -0.003 -16"><span class='ocrx_word' id='word_1_78' title='bbox 219 1060 314 1114; x_wconf 87' lang='lat' dir='ltr'><strong>tttum</strong></span> <span class='ocrx_word' id='word_1_79' title='bbox 329 1069 416 1112; x_wconf 89' lang='lat' dir='ltr'><strong>suum</strong></span> <span class='ocrx_word' id='word_1_80' title='bbox 431 1052 618 1130; x_wconf 81' lang='lat' dir='ltr'><strong>increpantes</strong></span> <span class='ocrx_word' id='word_1_81' title='bbox 632 1067 787 1130; x_wconf 58' lang='lat' dir='ltr'><strong>pavorem„</strong></span> <span class='ocrx_word' id='word_1_82' title='bbox 819 1051 982 1111; x_wconf 90' lang='lat' dir='ltr'><strong>concitatur</strong></span> <span class='ocrx_word' id='word_1_83' title='bbox 996 1049 1103 1110; x_wconf 88' lang='lat' dir='ltr'><strong>deinde</strong></span> <span class='ocrx_word' id='word_1_84' title='bbox 1119 1067 1210 1111; x_wconf 89' lang='lat' dir='ltr'><strong>omne</strong></span> 
     </span>
     <span class='ocr_line' id='line_1_11' title="bbox 252 1132 1209 1212; baseline -0.004 -14"><span class='ocrx_word' id='word_1_85' title='bbox 252 1151 361 1198; x_wconf 92' lang='lat' dir='ltr'><strong>nomen</strong></span> <span class='ocrx_word' id='word_1_86' title='bbox 376 1135 548 1203; x_wconf 86' lang='lat' dir='ltr'><strong>Etruscum,</strong></span> <span class='ocrx_word' id='word_1_87' title='bbox 566 1140 596 1195; x_wconf 89' lang='lat' dir='ltr'><strong>et</strong></span> <span class='ocrx_word' id='word_1_88' title='bbox 611 1133 874 1212; x_wconf 85' lang='lat' dir='ltr'><strong>Tarquiniensibus</strong></span> <span class='ocrx_word' id='word_1_89' title='bbox 890 1132 1068 1212; x_wconf 85' lang='lat' dir='ltr'><strong>Faliscisque</strong></span> <span class='ocrx_word' id='word_1_90' title='bbox 1085 1132 1209 1195; x_wconf 85' lang='lat' dir='ltr'><strong>ducibus</strong></span> 
     </span>
     <span class='ocr_line' id='line_1_12' title="bbox 252 1217 1209 1297; baseline -0.005 -15"><span class='ocrx_word' id='word_1_91' title='bbox 252 1219 289 1283; x_wconf 88' lang='lat' dir='ltr'><strong>ad</strong></span> <span class='ocrx_word' id='word_1_92' title='bbox 309 1217 416 1281; x_wconf 88' lang='lat' dir='ltr'><strong>salinas</strong></span> <span class='ocrx_word' id='word_1_93' title='bbox 438 1219 621 1297; x_wconf 87' lang='lat' dir='ltr'><strong>perveniunt.</strong></span> <span class='ocrx_word' id='word_1_94' title='bbox 660 1217 799 1283; x_wconf 82' lang='lat' dir='ltr'><strong>adversus</strong></span> <span class='ocrx_word' id='word_1_95' title='bbox 820 1235 888 1278; x_wconf 92' lang='lat' dir='ltr'><strong>eum</strong></span> <span class='ocrx_word' id='word_1_96' title='bbox 914 1226 1062 1278; x_wconf 84' lang='lat' dir='ltr'><strong>terrorem</strong></span> <span class='ocrx_word' id='word_1_97' title='bbox 1084 1217 1209 1278; x_wconf 88' lang='lat' dir='ltr'><strong>dictator</strong></span> 
     </span>
     <span class='ocr_line' id='line_1_13' title="bbox 252 1300 1210 1382; baseline -0.006 -16"><span class='ocrx_word' id='word_1_98' title='bbox 252 1304 283 1366; x_wconf 83' lang='lat' dir='ltr'><strong>C.</strong></span> <span class='ocrx_word' id='word_1_99' title='bbox 298 1303 425 1364; x_wconf 85' lang='lat' dir='ltr'><strong>Marcius</strong></span> <span class='ocrx_word' id='word_1_100' title='bbox 435 1302 550 1363; x_wconf 84' lang='lat' dir='ltr'><strong>Rutilus</strong></span> <span class='ocrx_word' id='word_1_101' title='bbox 561 1304 675 1382; x_wconf 90' lang='lat' dir='ltr'><strong>primus</strong></span> <span class='ocrx_word' id='word_1_102' title='bbox 686 1301 722 1362; x_wconf 88' lang='lat' dir='ltr'><strong>de</strong></span> <span class='ocrx_word' id='word_1_103' title='bbox 733 1300 821 1380; x_wconf 86' lang='lat' dir='ltr'><strong>plebe</strong></span> <span class='ocrx_word' id='word_1_104' title='bbox 835 1300 930 1362; x_wconf 90' lang='lat' dir='ltr'><strong>dictus</strong></span> <span class='ocrx_word' id='word_1_105' title='bbox 940 1301 1115 1379; x_wconf 90' lang='lat' dir='ltr'><strong>magistrum</strong></span> <span class='ocrx_word' id='word_1_106' title='bbox 1126 1301 1210 1380; x_wconf 88' lang='lat' dir='ltr'><strong>equi·</strong></span> 
     </span>
     <span class='ocr_line' id='line_1_14' title="bbox 220 1383 1210 1464; baseline -0.001 -19"><span class='ocrx_word' id='word_1_107' title='bbox 220 1397 236 1445; x_wconf 80' lang='lat'><strong>7</strong></span> <span class='ocrx_word' id='word_1_108' title='bbox 251 1388 398 1450; x_wconf 86' lang='lat' dir='ltr'><strong>tomitem</strong></span> <span class='ocrx_word' id='word_1_109' title='bbox 414 1385 451 1445; x_wconf 91' lang='lat' dir='ltr'><strong>de</strong></span> <span class='ocrx_word' id='word_1_110' title='bbox 464 1384 552 1464; x_wconf 86' lang='lat' dir='ltr'><strong>plebe</strong></span> <span class='ocrx_word' id='word_1_111' title='bbox 568 1386 599 1448; x_wconf 86' lang='lat' dir='ltr'><strong>C.</strong></span> <span class='ocrx_word' id='word_1_112' title='bbox 613 1384 760 1447; x_wconf 88' lang='lat' dir='ltr'><strong>Plautium</strong></span> <span class='ocrx_word' id='word_1_113' title='bbox 775 1384 856 1445; x_wconf 83' lang='lat' dir='ltr'><strong>dixit.</strong></span> <span class='ocrx_word' id='word_1_114' title='bbox 885 1383 916 1445; x_wconf 92' lang='lat' dir='ltr'><strong>id</strong></span> <span class='ocrx_word' id='word_1_115' title='bbox 930 1402 1000 1446; x_wconf 87' lang='lat' dir='ltr'><strong>vero</strong></span> <span class='ocrx_word' id='word_1_116' title='bbox 1015 1384 1148 1463; x_wconf 90' lang='lat' dir='ltr'><strong>patribus</strong></span> <span class='ocrx_word' id='word_1_117' title='bbox 1162 1386 1210 1444; x_wconf 90' lang='lat' dir='ltr'><strong>in·</strong></span> 
     </span>
     <span class='ocr_line' id='line_1_15' title="bbox 252 1468 1209 1548; baseline -0.002 -17"><span class='ocrx_word' id='word_1_118' title='bbox 252 1471 374 1548; x_wconf 88' lang='lat' dir='ltr'><strong>dignum</strong></span> <span class='ocrx_word' id='word_1_119' title='bbox 394 1468 499 1542; x_wconf 89' lang='lat' dir='ltr'><strong>videri,</strong></span> <span class='ocrx_word' id='word_1_120' title='bbox 521 1470 609 1529; x_wconf 87' lang='lat' dir='ltr'><strong>etiarn</strong></span> <span class='ocrx_word' id='word_1_121' title='bbox 634 1470 808 1530; x_wconf 86' lang='lat' dir='ltr'><strong>dictaturam</strong></span> <span class='ocrx_word' id='word_1_122' title='bbox 829 1470 888 1530; x_wconf 88' lang='lat' dir='ltr'><strong>iarn</strong></span> <span class='ocrx_word' id='word_1_123' title='bbox 906 1470 938 1529; x_wconf 92' lang='lat' dir='ltr'><strong>in</strong></span> <span class='ocrx_word' id='word_1_124' title='bbox 959 1470 1108 1548; x_wconf 88' lang='lat' dir='ltr'><strong>promisco</strong></span> <span class='ocrx_word' id='word_1_125' title='bbox 1129 1485 1209 1539; x_wconf 86' lang='lat' dir='ltr'><strong>osse;</strong></span> 
     </span>
     <span class='ocr_line' id='line_1_16' title="bbox 253 1551 1211 1633; baseline 0.001 -20"><span class='ocrx_word' id='word_1_126' title='bbox 253 1553 393 1632; x_wconf 92' lang='lat' dir='ltr'><strong>omnique</strong></span> <span class='ocrx_word' id='word_1_127' title='bbox 404 1571 459 1631; x_wconf 91' lang='lat' dir='ltr'><strong>ope</strong></span> <span class='ocrx_word' id='word_1_128' title='bbox 474 1552 679 1633; x_wconf 87' lang='lat' dir='ltr'><strong>inpediebant,</strong></span> <span class='ocrx_word' id='word_1_129' title='bbox 701 1571 740 1614; x_wconf 94' lang='lat' dir='ltr'><strong>ue</strong></span> <span class='ocrx_word' id='word_1_130' title='bbox 762 1551 833 1633; x_wconf 93' lang='lat' dir='ltr'><strong>quid</strong></span> <span class='ocrx_word' id='word_1_131' title='bbox 847 1553 984 1614; x_wconf 75' lang='lat' dir='ltr'><strong>dictatori</strong></span> <span class='ocrx_word' id='word_1_132' title='bbox 1002 1551 1084 1614; x_wconf 90' lang='lat' dir='ltr'><strong>adid</strong></span> <span class='ocrx_word' id='word_1_133' title='bbox 1099 1551 1211 1614; x_wconf 89' lang='lat' dir='ltr'><strong>bellum</strong></span> 
     </span>
     <span class='ocr_line' id='line_1_17' title="bbox 253 1635 1213 1716; baseline 0.001 -19"><span class='ocrx_word' id='word_1_134' title='bbox 253 1637 463 1698; x_wconf 88' lang='lat' dir='ltr'><strong>decerneretur</strong></span> <span class='ocrx_word' id='word_1_135' title='bbox 485 1644 685 1716; x_wconf 85' lang='lat' dir='ltr'><strong>parareturve.</strong></span> <span class='ocrx_word' id='word_1_136' title='bbox 723 1654 758 1698; x_wconf 88' lang='lat' dir='ltr'><strong>eo</strong></span> <span class='ocrx_word' id='word_1_137' title='bbox 782 1639 948 1715; x_wconf 85' lang='lat' dir='ltr'><strong>promptius</strong></span> <span class='ocrx_word' id='word_1_138' title='bbox 971 1643 1075 1697; x_wconf 85' lang='lat' dir='ltr'><strong>cuncta</strong></span> <span class='ocrx_word' id='word_1_139' title='bbox 1095 1635 1213 1698; x_wconf 86' lang='lat' dir='ltr'><strong>ierentc</strong></span> 
     </span>
     <span class='ocr_line' id='line_1_18' title="bbox 221 1719 1212 1801; baseline 0 -21"><span class='ocrx_word' id='word_1_140' title='bbox 221 1729 237 1780; x_wconf 80' lang='grc' dir='ltr'>θ</span> <span class='ocrx_word' id='word_1_141' title='bbox 253 1721 395 1782; x_wconf 86' lang='lat' dir='ltr'><strong>dictatore</strong></span> <span class='ocrx_word' id='word_1_142' title='bbox 408 1719 535 1801; x_wconf 91' lang='lat' dir='ltr'><strong>populus</strong></span> <span class='ocrx_word' id='word_1_143' title='bbox 553 1722 647 1783; x_wconf 84' lang='lat' dir='ltr'><strong>iussit.</strong></span> <span class='ocrx_word' id='word_1_144' title='bbox 678 1720 828 1800; x_wconf 85' lang='lat' dir='ltr'><strong>proiectus</strong></span> <span class='ocrx_word' id='word_1_145' title='bbox 842 1719 880 1782; x_wconf 93' lang='lat' dir='ltr'><strong>ab</strong></span> <span class='ocrx_word' id='word_1_146' title='bbox 895 1720 970 1782; x_wconf 88' lang='lat' dir='ltr'><strong>urbe</strong></span> <span class='ocrx_word' id='word_1_147' title='bbox 984 1727 1108 1800; x_wconf 87' lang='lat' dir='ltr'><strong>utraque</strong></span> <span class='ocrx_word' id='word_1_148' title='bbox 1125 1728 1212 1799; x_wconf 87' lang='lat' dir='ltr'><strong>parte</strong></span> 
     </span>
     <span class='ocr_line' id='line_1_19' title="bbox 252 1802 1211 1885; baseline 0.002 -22"><span class='ocrx_word' id='word_1_149' title='bbox 252 1802 369 1864; x_wconf 86' lang='lat' dir='ltr'><strong>Tiberis</strong></span> <span class='ocrx_word' id='word_1_150' title='bbox 384 1804 496 1866; x_wconf 90' lang='lat' dir='ltr'><strong>ratibus</strong></span> <span class='ocrx_word' id='word_1_151' title='bbox 512 1807 656 1877; x_wconf 84' lang='lat' dir='ltr'><strong>exercitu,</strong></span> <span class='ocrx_word' id='word_1_152' title='bbox 675 1822 861 1885; x_wconf 89' lang='lat' dir='ltr'><strong>quocumque</strong></span> <span class='ocrx_word' id='word_1_153' title='bbox 882 1803 960 1867; x_wconf 85' lang='lat' dir='ltr'><strong>fama</strong></span> <span class='ocrx_word' id='word_1_154' title='bbox 976 1804 1104 1864; x_wconf 90' lang='lat' dir='ltr'><strong>bostium</strong></span> <span class='ocrx_word' id='word_1_155' title='bbox 1120 1803 1211 1865; x_wconf 89' lang='lat' dir='ltr'><strong>duco·</strong></span> 
     </span>
    </p>
   </div>
   <div class='ocr_carea' id='block_1_6' title="bbox 252 1886 1285 1969">
    <p class='ocr_par' dir='ltr' id='par_1_6' title="bbox 252 1886 1285 1969">
     <span class='ocr_line' id='line_1_20' title="bbox 252 1886 1285 1969; baseline 0.002 -22"><span class='ocrx_word' id='word_1_156' title='bbox 252 1886 316 1958; x_wconf 88' lang='lat' dir='ltr'><strong>bat,</strong></span> <span class='ocrx_word' id='word_1_157' title='bbox 332 1889 455 1950; x_wconf 87' lang='lat' dir='ltr'><strong>traiecto</strong></span> <span class='ocrx_word' id='word_1_158' title='bbox 472 1887 581 1950; x_wconf 90' lang='lat' dir='ltr'><strong>multos</strong></span> <span class='ocrx_word' id='word_1_159' title='bbox 597 1888 786 1969; x_wconf 86' lang='lat' dir='ltr'><strong>populatores</strong></span> <span class='ocrx_word' id='word_1_160' title='bbox 807 1907 945 1968; x_wconf 87' lang='lat' dir='ltr'><strong>agrorum</strong></span> <span class='ocrx_word' id='word_1_161' title='bbox 965 1905 1055 1966; x_wconf 81' lang='lat' dir='ltr'><strong>vagos</strong></span> <span class='ocrx_word' id='word_1_162' title='bbox 1076 1887 1212 1966; x_wconf 87' lang='lat' dir='ltr'><strong>palantes</strong></span> <span class='ocrx_word' id='word_1_163' title='bbox 1283 1957 1285 1960; x_wconf 50' lang='grc'><strong>,</strong></span> 
     </span>
    </p>
   </div>
   <div class='ocr_carea' id='block_1_7' title="bbox 213 1971 1214 2389">
    <p class='ocr_par' dir='ltr' id='par_1_7' title="bbox 213 1971 1214 2389">
     <span class='ocr_line' id='line_1_21' title="bbox 220 1971 1211 2053; baseline 0 -22"><span class='ocrx_word' id='word_1_164' title='bbox 220 1971 409 2051; x_wconf 70' lang='lat' dir='ltr'><strong>suppressit.</strong></span> <span class='ocrx_word' id='word_1_165' title='bbox 443 1980 537 2034; x_wconf 89' lang='lat' dir='ltr'><strong>castra</strong></span> <span class='ocrx_word' id='word_1_166' title='bbox 559 1991 678 2053; x_wconf 92' lang='lat' dir='ltr'><strong>quoque</strong></span> <span class='ocrx_word' id='word_1_167' title='bbox 691 1973 868 2053; x_wconf 90' lang='lat' dir='ltr'><strong>necopinato</strong></span> <span class='ocrx_word' id='word_1_168' title='bbox 888 1972 1046 2051; x_wconf 89' lang='lat' dir='ltr'><strong>adgressus</strong></span> <span class='ocrx_word' id='word_1_169' title='bbox 1066 1971 1159 2051; x_wconf 88' lang='lat' dir='ltr'><strong>cepit,</strong></span> <span class='ocrx_word' id='word_1_170' title='bbox 1182 1978 1211 2032; x_wconf 92' lang='lat' dir='ltr'><strong>et</strong></span> 
     </span>
     <span class='ocr_line' id='line_1_22' title="bbox 253 2052 1211 2137; baseline 0.001 -22"><span class='ocrx_word' id='word_1_171' title='bbox 253 2061 320 2115; x_wconf 87' lang='lat' dir='ltr'><strong>octo</strong></span> <span class='ocrx_word' id='word_1_172' title='bbox 338 2052 456 2118; x_wconf 89' lang='lat' dir='ltr'><strong>milibus</strong></span> <span class='ocrx_word' id='word_1_173' title='bbox 469 2056 598 2118; x_wconf 90' lang='lat' dir='ltr'><strong>hostium</strong></span> <span class='ocrx_word' id='word_1_174' title='bbox 613 2058 720 2137; x_wconf 85' lang='lat' dir='ltr'><strong>captis,</strong></span> <span class='ocrx_word' id='word_1_175' title='bbox 740 2058 846 2118; x_wconf 89' lang='lat' dir='ltr'><strong>ceteris</strong></span> <span class='ocrx_word' id='word_1_176' title='bbox 860 2066 910 2119; x_wconf 91' lang='lat' dir='ltr'><strong>aut</strong></span> <span class='ocrx_word' id='word_1_177' title='bbox 924 2057 1016 2118; x_wconf 87' lang='lat' dir='ltr'><strong>caesis</strong></span> <span class='ocrx_word' id='word_1_178' title='bbox 1026 2061 1076 2116; x_wconf 94' lang='lat' dir='ltr'><strong>aut</strong></span> <span class='ocrx_word' id='word_1_179' title='bbox 1088 2073 1124 2117; x_wconf 86' lang='lat' dir='ltr'><strong>ox</strong></span> <span class='ocrx_word' id='word_1_180' title='bbox 1139 2073 1211 2133; x_wconf 89' lang='lat' dir='ltr'><strong>agro</strong></span> 
     </span>
     <span class='ocr_line' id='line_1_23' title="bbox 251 2138 1210 2285; baseline -0.001 -84"><span class='ocrx_word' id='word_1_181' title='bbox 251 2138 384 2285; x_wconf 46' lang='lat' dir='ltr'><strong>qumqno</strong></span> <span class='ocrx_word' id='word_1_182' title='bbox 398 2141 505 2221; x_wconf 87' lang='lat' dir='ltr'><strong>iugatis</strong></span> <span class='ocrx_word' id='word_1_183' title='bbox 518 2141 582 2202; x_wconf 87' lang='lat' dir='ltr'><strong>sine</strong></span> <span class='ocrx_word' id='word_1_184' title='bbox 594 2142 766 2203; x_wconf 88' lang='lat' dir='ltr'><strong>auctoritate</strong></span> <span class='ocrx_word' id='word_1_185' title='bbox 773 2150 890 2220; x_wconf 88' lang='lat' dir='ltr'><strong>patrum</strong></span> <span class='ocrx_word' id='word_1_186' title='bbox 901 2138 1003 2221; x_wconf 92' lang='lat' dir='ltr'><strong>populi</strong></span> <span class='ocrx_word' id='word_1_187' title='bbox 1012 2140 1093 2200; x_wconf 90' lang='lat' dir='ltr'><strong>iussu</strong></span> <span class='ocrx_word' id='word_1_188' title='bbox 1105 2140 1210 2200; x_wconf 80' lang='lat' dir='ltr'><strong>uium-</strong></span> 
     </span>
     <span class='ocr_line' id='line_1_24' title="bbox 213 2240 1214 2389; baseline 0.001 -21"><span class='ocrx_word' id='word_1_189' title='bbox 213 2244 270 2368; x_wconf 82' lang='lat' dir='ltr'><strong>10p</strong></span> <span class='ocrx_word' id='word_1_190' title='bbox 293 2240 389 2380; x_wconf 74' lang='lat' dir='ltr'><strong>allrlia</strong></span> <span class='ocrx_word' id='word_1_191' title='bbox 407 2327 463 2371; x_wconf 91' lang='lat' dir='ltr'><strong>nec</strong></span> <span class='ocrx_word' id='word_1_192' title='bbox 483 2326 537 2389; x_wconf 92' lang='lat' dir='ltr'><strong>per</strong></span> <span class='ocrx_word' id='word_1_193' title='bbox 550 2307 724 2371; x_wconf 88' lang='lat' dir='ltr'><strong>dictatorem</strong></span> <span class='ocrx_word' id='word_1_194' title='bbox 739 2309 887 2388; x_wconf 88' lang='lat' dir='ltr'><strong>plebeium</strong></span> <span class='ocrx_word' id='word_1_195' title='bbox 907 2325 963 2369; x_wconf 91' lang='lat' dir='ltr'><strong>nec</strong></span> <span class='ocrx_word' id='word_1_196' title='bbox 983 2325 1038 2386; x_wconf 87' lang='lat' dir='ltr'><strong>por</strong></span> <span class='ocrx_word' id='word_1_197' title='bbox 1058 2306 1214 2370; x_wconf 87' lang='lat' dir='ltr'><strong>consulem</strong></span> 
     </span>
    </p>
   </div>
   <div class='ocr_carea' id='block_1_8' title="bbox 253 2390 1286 2463">
    <p class='ocr_par' dir='ltr' id='par_1_8' title="bbox 253 2390 1286 2463">
     <span class='ocr_line' id='line_1_25' title="bbox 253 2390 1286 2463; baseline -0.001 -10"><span class='ocrx_word' id='word_1_198' title='bbox 253 2394 372 2454; x_wconf 91' lang='lat' dir='ltr'><strong>comitia</strong></span> <span class='ocrx_word' id='word_1_199' title='bbox 387 2391 552 2454; x_wconf 90' lang='lat' dir='ltr'><strong>consularia</strong></span> <span class='ocrx_word' id='word_1_200' title='bbox 568 2391 673 2453; x_wconf 86' lang='lat' dir='ltr'><strong>haberi</strong></span> <span class='ocrx_word' id='word_1_201' title='bbox 686 2393 836 2463; x_wconf 83' lang='lat' dir='ltr'><strong>volebant,</strong></span> <span class='ocrx_word' id='word_1_202' title='bbox 852 2399 882 2453; x_wconf 95' lang='lat' dir='ltr'><strong>et</strong></span> <span class='ocrx_word' id='word_1_203' title='bbox 894 2391 968 2453; x_wconf 90' lang='lat' dir='ltr'><strong>alter</strong></span> <span class='ocrx_word' id='word_1_204' title='bbox 987 2390 1090 2452; x_wconf 89' lang='lat' dir='ltr'><strong>consul</strong></span> <span class='ocrx_word' id='word_1_205' title='bbox 1103 2390 1213 2453; x_wconf 83' lang='lat' dir='ltr'><strong>Fabius</strong></span> <span class='ocrx_word' id='word_1_206' title='bbox 1285 2393 1286 2396; x_wconf 74' lang='grc'>’</span> 
     </span>
    </p>
   </div>
   <div class='ocr_carea' id='block_1_9' title="bbox 213 2474 1215 3564">
    <p class='ocr_par' dir='ltr' id='par_1_9' title="bbox 213 2474 1213 2722">
     <span class='ocr_line' id='line_1_26' title="bbox 213 2474 1213 2555; baseline 0.002 -22"><span class='ocrx_word' id='word_1_207' title='bbox 213 2483 242 2533; x_wconf 85' lang='grc'><strong>11</strong></span> <span class='ocrx_word' id='word_1_208' title='bbox 254 2475 332 2536; x_wconf 91' lang='lat' dir='ltr'><strong>bello</strong></span> <span class='ocrx_word' id='word_1_209' title='bbox 352 2474 552 2548; x_wconf 86' lang='lat' dir='ltr'><strong>retinebatur,</strong></span> <span class='ocrx_word' id='word_1_210' title='bbox 575 2493 623 2536; x_wconf 89' lang='lat' dir='ltr'><strong>ros</strong></span> <span class='ocrx_word' id='word_1_211' title='bbox 646 2476 683 2537; x_wconf 90' lang='lat' dir='ltr'><strong>ad</strong></span> <span class='ocrx_word' id='word_1_212' title='bbox 702 2476 907 2555; x_wconf 81' lang='lat' dir='ltr'><strong>interregnum</strong></span> <span class='ocrx_word' id='word_1_213' title='bbox 927 2476 1014 2538; x_wconf 84' lang='lat' dir='ltr'><strong>rodit</strong></span> <span class='ocrx_word' id='word_1_214' title='bbox 1045 2477 1213 2554; x_wconf 86' lang='lat' dir='ltr'><strong>interreges</strong></span> 
     </span>
     <span class='ocr_line' id='line_1_27' title="bbox 254 2555 1212 2637; baseline 0.003 -18"><span class='ocrx_word' id='word_1_215' title='bbox 254 2558 394 2637; x_wconf 88' lang='lat' dir='ltr'><strong>deinceps</strong></span> <span class='ocrx_word' id='word_1_216' title='bbox 410 2558 445 2631; x_wconf 83' lang='lat' dir='ltr'><strong>Q.</strong></span> <span class='ocrx_word' id='word_1_217' title='bbox 465 2555 605 2619; x_wconf 82' lang='lat' dir='ltr'><strong>Servilius</strong></span> <span class='ocrx_word' id='word_1_218' title='bbox 620 2558 726 2632; x_wconf 76' lang='lat' dir='ltr'><strong>birola,</strong></span> <span class='ocrx_word' id='word_1_219' title='bbox 748 2561 787 2622; x_wconf 97' lang='grc' dir='ltr'><strong>Μ.</strong></span> <span class='ocrx_word' id='word_1_220' title='bbox 802 2559 925 2630; x_wconf 84' lang='lat' dir='ltr'><strong>Fabius,</strong></span> <span class='ocrx_word' id='word_1_221' title='bbox 951 2560 1003 2622; x_wconf 86' lang='lat' dir='ltr'><strong>Cu.</strong></span> <span class='ocrx_word' id='word_1_222' title='bbox 1018 2557 1157 2630; x_wconf 87' lang='lat' dir='ltr'><strong>Manlius,</strong></span> <span class='ocrx_word' id='word_1_223' title='bbox 1179 2560 1212 2622; x_wconf 73' lang='lat' dir='ltr'><strong>u</strong></span> 
     </span>
     <span class='ocr_line' id='line_1_28' title="bbox 253 2639 1213 2722; baseline 0.003 -21"><span class='ocrx_word' id='word_1_224' title='bbox 253 2639 374 2712; x_wconf 82' lang='lat' dir='ltr'><strong>Fabius,</strong></span> <span class='ocrx_word' id='word_1_225' title='bbox 392 2642 423 2703; x_wconf 82' lang='lat' dir='ltr'><strong>G.</strong></span> <span class='ocrx_word' id='word_1_226' title='bbox 436 2640 599 2722; x_wconf 91' lang='lat' dir='ltr'><strong>Sulpicius,</strong></span> <span class='ocrx_word' id='word_1_227' title='bbox 611 2642 643 2704; x_wconf 90' lang='lat' dir='ltr'><strong>L.</strong></span> <span class='ocrx_word' id='word_1_228' title='bbox 659 2643 813 2715; x_wconf 73' lang='lat' dir='ltr'><strong>Aemilius,</strong></span> <span class='ocrx_word' id='word_1_229' title='bbox 832 2643 865 2715; x_wconf 84' lang='lat'><strong>0.</strong></span> <span class='ocrx_word' id='word_1_230' title='bbox 882 2642 1038 2714; x_wconf 84' lang='lat' dir='ltr'><strong>Servilius,</strong></span> <span class='ocrx_word' id='word_1_231' title='bbox 1051 2643 1090 2705; x_wconf 91' lang='grc' dir='ltr'><strong>Μ.</strong></span> <span class='ocrx_word' id='word_1_232' title='bbox 1103 2642 1213 2705; x_wconf 91' lang='lat' dir='ltr'><strong>Fabius</strong></span> 
     </span>
    </p>

    <p class='ocr_par' dir='ltr' id='par_1_10' title="bbox 214 2723 1215 3061">
     <span class='ocr_line' id='line_1_29' title="bbox 214 2723 1215 2808; baseline 0.002 -23"><span class='ocrx_word' id='word_1_233' title='bbox 214 2733 245 2785; x_wconf 81' lang='lat'><strong>12</strong></span> <span class='ocrx_word' id='word_1_234' title='bbox 254 2723 422 2787; x_wconf 76' lang='lat' dir='ltr'><strong>Ambustus.</strong></span> <span class='ocrx_word' id='word_1_235' title='bbox 450 2728 482 2786; x_wconf 89' lang='lat' dir='ltr'><strong>in</strong></span> <span class='ocrx_word' id='word_1_236' title='bbox 493 2725 623 2788; x_wconf 90' lang='lat' dir='ltr'><strong>secundo</strong></span> <span class='ocrx_word' id='word_1_237' title='bbox 634 2728 807 2808; x_wconf 87' lang='lat' dir='ltr'><strong>interregno</strong></span> <span class='ocrx_word' id='word_1_238' title='bbox 818 2735 882 2790; x_wconf 87' lang='lat' dir='ltr'><strong>orta</strong></span> <span class='ocrx_word' id='word_1_239' title='bbox 896 2728 1045 2789; x_wconf 90' lang='lat' dir='ltr'><strong>contentio</strong></span> <span class='ocrx_word' id='word_1_240' title='bbox 1057 2736 1115 2797; x_wconf 87' lang='lat' dir='ltr'><strong>est,</strong></span> <span class='ocrx_word' id='word_1_241' title='bbox 1132 2726 1215 2805; x_wconf 91' lang='lat' dir='ltr'><strong>quod</strong></span> 
     </span>
     <span class='ocr_line' id='line_1_30' title="bbox 254 2809 1213 2890; baseline 0.001 -21"><span class='ocrx_word' id='word_1_242' title='bbox 254 2809 312 2869; x_wconf 92' lang='lat' dir='ltr'><strong>duo</strong></span> <span class='ocrx_word' id='word_1_243' title='bbox 326 2810 443 2890; x_wconf 92' lang='lat' dir='ltr'><strong>patricii</strong></span> <span class='ocrx_word' id='word_1_244' title='bbox 460 2809 595 2872; x_wconf 87' lang='lat' dir='ltr'><strong>consules</strong></span> <span class='ocrx_word' id='word_1_245' title='bbox 616 2811 807 2882; x_wconf 87' lang='lat' dir='ltr'><strong>creabantur,</strong></span> <span class='ocrx_word' id='word_1_246' title='bbox 827 2809 1137 2890; x_wconf 89' lang='lat' dir='ltr'><strong>intercedentibusque</strong></span> <span class='ocrx_word' id='word_1_247' title='bbox 1159 2811 1213 2870; x_wconf 89' lang='lat' dir='ltr'><strong>tri·</strong></span> 
     </span>
     <span class='ocr_line' id='line_1_31' title="bbox 254 2891 1213 2972; baseline -0.001 -18"><span class='ocrx_word' id='word_1_248' title='bbox 254 2891 341 2955; x_wconf 89' lang='lat' dir='ltr'><strong>bunis</strong></span> <span class='ocrx_word' id='word_1_249' title='bbox 360 2894 493 2957; x_wconf 86' lang='lat' dir='ltr'><strong>interrex</strong></span> <span class='ocrx_word' id='word_1_250' title='bbox 512 2894 619 2957; x_wconf 87' lang='lat' dir='ltr'><strong>Fabius</strong></span> <span class='ocrx_word' id='word_1_251' title='bbox 644 2895 740 2958; x_wconf 90' lang='lat' dir='ltr'><strong>aiebat</strong></span> <span class='ocrx_word' id='word_1_252' title='bbox 769 2898 801 2956; x_wconf 91' lang='lat' dir='ltr'><strong>in</strong></span> <span class='ocrx_word' id='word_1_253' title='bbox 813 2896 967 2957; x_wconf 88' lang='lat' dir='ltr'><strong>duodecim</strong></span> <span class='ocrx_word' id='word_1_254' title='bbox 987 2893 1094 2956; x_wconf 91' lang='lat' dir='ltr'><strong>tabulis</strong></span> <span class='ocrx_word' id='word_1_255' title='bbox 1114 2892 1213 2972; x_wconf 90' lang='lat' dir='ltr'><strong>legem</strong></span> 
     </span>
     <span class='ocr_line' id='line_1_32' title="bbox 254 2976 1214 3061; baseline -0.004 -21"><span class='ocrx_word' id='word_1_256' title='bbox 254 2995 333 3051; x_wconf 88' lang='lat' dir='ltr'><strong>esse,</strong></span> <span class='ocrx_word' id='word_1_257' title='bbox 359 2988 407 3051; x_wconf 93' lang='lat' dir='ltr'><strong>ut,</strong></span> <span class='ocrx_word' id='word_1_258' title='bbox 429 2979 635 3061; x_wconf 89' lang='lat' dir='ltr'><strong>quodcumque</strong></span> <span class='ocrx_word' id='word_1_259' title='bbox 661 2987 844 3060; x_wconf 88' lang='lat' dir='ltr'><strong>postremum</strong></span> <span class='ocrx_word' id='word_1_260' title='bbox 863 2977 989 3061; x_wconf 90' lang='lat' dir='ltr'><strong>populus</strong></span> <span class='ocrx_word' id='word_1_261' title='bbox 1013 2978 1160 3047; x_wconf 86' lang='lat' dir='ltr'><strong>iussisset,</strong></span> <span class='ocrx_word' id='word_1_262' title='bbox 1180 2976 1214 3037; x_wconf 87' lang='lat' dir='ltr'><strong>id</strong></span> 
     </span>
    </p>

    <p class='ocr_par' dir='ltr' id='par_1_11' title="bbox 214 3063 1213 3478">
     <span class='ocr_line' id='line_1_33' title="bbox 214 3063 1213 3144; baseline -0.002 -22"><span class='ocrx_word' id='word_1_263' title='bbox 214 3064 302 3125; x_wconf 78' lang='lat' dir='ltr'><strong>isius</strong></span> <span class='ocrx_word' id='word_1_264' title='bbox 318 3070 472 3144; x_wconf 87' lang='lat' dir='ltr'><strong>ratumque</strong></span> <span class='ocrx_word' id='word_1_265' title='bbox 487 3071 579 3132; x_wconf 83' lang='lat' dir='ltr'><strong>esset:</strong></span> <span class='ocrx_word' id='word_1_266' title='bbox 594 3065 707 3124; x_wconf 90' lang='lat' dir='ltr'><strong>iussum</strong></span> <span class='ocrx_word' id='word_1_267' title='bbox 720 3063 822 3144; x_wconf 91' lang='lat' dir='ltr'><strong>populi</strong></span> <span class='ocrx_word' id='word_1_268' title='bbox 834 3071 864 3124; x_wconf 92' lang='lat' dir='ltr'><strong>et</strong></span> <span class='ocrx_word' id='word_1_269' title='bbox 883 3063 1022 3142; x_wconf 79' lang='lat' dir='ltr'><strong>sutfragia</strong></span> <span class='ocrx_word' id='word_1_270' title='bbox 1035 3079 1110 3124; x_wconf 89' lang='lat' dir='ltr'><strong>esse.</strong></span> <span class='ocrx_word' id='word_1_271' title='bbox 1143 3078 1213 3121; x_wconf 87' lang='lat' dir='ltr'><strong>oum</strong></span> 
     </span>
     <span class='ocr_line' id='line_1_34' title="bbox 254 3145 1213 3227; baseline -0.004 -19"><span class='ocrx_word' id='word_1_272' title='bbox 254 3147 465 3210; x_wconf 90' lang='lat' dir='ltr'><strong>intercedendo</strong></span> <span class='ocrx_word' id='word_1_273' title='bbox 480 3146 593 3209; x_wconf 90' lang='lat' dir='ltr'><strong>tribuni</strong></span> <span class='ocrx_word' id='word_1_274' title='bbox 608 3146 683 3207; x_wconf 92' lang='lat' dir='ltr'><strong>nibil</strong></span> <span class='ocrx_word' id='word_1_275' title='bbox 696 3145 789 3217; x_wconf 88' lang='lat' dir='ltr'><strong>aliud,</strong></span> <span class='ocrx_word' id='word_1_276' title='bbox 804 3166 892 3227; x_wconf 62' lang='lat' dir='ltr'><strong>mam</strong></span> <span class='ocrx_word' id='word_1_277' title='bbox 905 3157 939 3209; x_wconf 91' lang='lat' dir='ltr'><strong>ut</strong></span> <span class='ocrx_word' id='word_1_278' title='bbox 951 3145 1105 3208; x_wconf 78' lang='lat' dir='ltr'><strong>differrent</strong></span> <span class='ocrx_word' id='word_1_279' title='bbox 1119 3145 1213 3205; x_wconf 88' lang='lat' dir='ltr'><strong>comi·</strong></span> 
     </span>
     <span class='ocr_line' id='line_1_35' title="bbox 254 3225 1213 3312; baseline -0.006 -19"><span class='ocrx_word' id='word_1_280' title='bbox 254 3233 308 3303; x_wconf 90' lang='lat' dir='ltr'><strong>tia,</strong></span> <span class='ocrx_word' id='word_1_281' title='bbox 324 3232 496 3304; x_wconf 83' lang='lat' dir='ltr'><strong>voluisseut,</strong></span> <span class='ocrx_word' id='word_1_282' title='bbox 512 3231 570 3293; x_wconf 93' lang='lat' dir='ltr'><strong>duo</strong></span> <span class='ocrx_word' id='word_1_283' title='bbox 587 3231 704 3312; x_wconf 89' lang='lat' dir='ltr'><strong>patricii</strong></span> <span class='ocrx_word' id='word_1_284' title='bbox 724 3230 860 3292; x_wconf 88' lang='lat' dir='ltr'><strong>consules</strong></span> <span class='ocrx_word' id='word_1_285' title='bbox 879 3233 972 3293; x_wconf 90' lang='lat' dir='ltr'><strong>creati</strong></span> <span class='ocrx_word' id='word_1_286' title='bbox 989 3236 1072 3301; x_wconf 89' lang='lat' dir='ltr'><strong>suut,</strong></span> <span class='ocrx_word' id='word_1_287' title='bbox 1096 3227 1128 3291; x_wconf 81' lang='lat' dir='ltr'><strong>(i.</strong></span> <span class='ocrx_word' id='word_1_288' title='bbox 1145 3225 1213 3288; x_wconf 88' lang='lat' dir='ltr'><strong>Sul·</strong></span> 
     </span>
     <span class='ocr_line' id='line_1_36' title="bbox 254 3312 1213 3396; baseline -0.004 -20"><span class='ocrx_word' id='word_1_289' title='bbox 254 3317 348 3396; x_wconf 89' lang='lat' dir='ltr'><strong>picius</strong></span> <span class='ocrx_word' id='word_1_290' title='bbox 366 3317 484 3378; x_wconf 87' lang='lat' dir='ltr'><strong>Peticus</strong></span> <span class='ocrx_word' id='word_1_291' title='bbox 506 3316 626 3378; x_wconf 90' lang='lat' dir='ltr'><strong>tertium</strong></span> <span class='ocrx_word' id='word_1_292' title='bbox 647 3314 686 3377; x_wconf 94' lang='grc' dir='ltr'><strong>Μ.</strong></span> <span class='ocrx_word' id='word_1_293' title='bbox 706 3313 839 3378; x_wconf 83' lang='lat' dir='ltr'><strong>Valerius</strong></span> <span class='ocrx_word' id='word_1_294' title='bbox 860 3314 1026 3385; x_wconf 85' lang='lat' dir='ltr'><strong>Publicola,</strong></span> <span class='ocrx_word' id='word_1_295' title='bbox 1048 3312 1213 3391; x_wconf 90' lang='lat' dir='ltr'><strong>eodemque</strong></span> 
     </span>
     <span class='ocr_line' id='line_1_37' title="bbox 255 3398 674 3478; baseline 0.005 -20"><span class='ocrx_word' id='word_1_296' title='bbox 255 3398 303 3459; x_wconf 91' lang='lat' dir='ltr'><strong>die</strong></span> <span class='ocrx_word' id='word_1_297' title='bbox 317 3402 520 3478; x_wconf 90' lang='lat' dir='ltr'><strong>magistratum</strong></span> <span class='ocrx_word' id='word_1_298' title='bbox 535 3401 674 3462; x_wconf 92' lang='lat' dir='ltr'><strong>inierunt.</strong></span> 
     </span>
    </p>

    <p class='ocr_par' dir='ltr' id='par_1_12' title="bbox 226 3480 1213 3564">
     <span class='ocr_line' id='line_1_38' title="bbox 226 3480 1213 3564; baseline -0.005 -21"><span class='ocrx_word' id='word_1_299' title='bbox 226 3491 239 3543; x_wconf 83' lang='grc' dir='ltr'>ι</span> <span class='ocrx_word' id='word_1_300' title='bbox 316 3482 414 3545; x_wconf 82' lang='lat' dir='ltr'><strong>xvill.</strong></span> <span class='ocrx_word' id='word_1_301' title='bbox 451 3484 747 3564; x_wconf 83' lang='lat' dir='ltr'><strong>Quadringentesimo</strong></span> <span class='ocrx_word' id='word_1_302' title='bbox 770 3501 848 3546; x_wconf 89' lang='lat' dir='ltr'><strong>anno</strong></span> <span class='ocrx_word' id='word_1_303' title='bbox 875 3501 962 3564; x_wconf 63' lang='lat' dir='ltr'><strong>mam</strong></span> <span class='ocrx_word' id='word_1_304' title='bbox 984 3480 1057 3545; x_wconf 88' lang='lat' dir='ltr'><strong>urbs</strong></span> <span class='ocrx_word' id='word_1_305' title='bbox 1080 3480 1213 3542; x_wconf 85' lang='lat' dir='ltr'><strong>Romana</strong></span> 
     </span>
    </p>
   </div>
   <div class='ocr_carea' id='block_1_10' title="bbox 0 0 1293 4067">
    <p class='ocr_par' dir='ltr' id='par_1_13' title="bbox 0 0 1293 4067">
     <span class='ocr_line' id='line_1_39' title="bbox 0 0 1293 4067; baseline 0 0"><span class='ocrx_word' id='word_1_306' title='bbox 0 0 1293 4067; x_wconf 95' lang='lat' dir='ltr'><strong> </strong></span> 
     </span>
    </p>
   </div>
  </div>
 </body>
</html>
