2575 4067
322 232 416 274 erana
430 234 493 275 xxx.
510 233 577 276 oso.
593 221 636 278 5⁶.
654 223 697 278 ab.
714 214 753 296 [a.
771 219 807 280 Ο.
823 216 884 295 218]
1023 223 1083 285 251

126 401 192 447 sum
212 393 265 447 est.
303 384 448 465 proelium
471 383 666 447 aBaliarlbus
688 391 785 446 ortum
805 394 862 454 ost:
889 384 994 466 qulbus
1017 392 1112 447 cumo

126 471 238 531 maiore
262 468 371 530 robore
392 467 523 546 legiones
545 468 735 538 obsisterent,
764 467 881 530 diducta
905 487 1032 548 propero
1052 471 1084 530 in

126 571 238 614 cornua
252 551 324 614 loris
344 559 492 614 armatura
508 560 565 622 est;
589 571 665 633 quae
687 551 865 622 resederit,
886 561 918 614 ut
940 554 1111 632 equitatuse

125 637 275 699 Romanus
297 635 443 716 extemplo
464 645 630 715 urgeretur.
668 653 735 697 nam
753 654 821 697 cum
842 638 889 698 rix
910 636 968 697 iam
983 654 1038 715 per
1052 654 1084 697 so

125 722 299 783 resisterent
313 719 416 780 decem
433 719 551 781 milibus
567 722 699 801 equitum
713 727 851 800 quattuor
871 719 952 782 mdia
966 729 996 780 et
1015 720 1085 782 lessi

124 805 249 883 integris
267 802 429 884 plerisque,
450 803 548 865 obruti
561 810 630 865 sunt
643 805 765 882 iusuper
780 802 860 865 velut
876 803 955 865 nube
974 802 1083 865 iaculo·

124 906 191 949 rum
207 885 399 949 aBaliaribus
414 888 555 948 coniecta.
586 887 623 949 ad
637 888 696 948 hoc
710 886 859 968 elephanti
874 889 1038 949 eminentes
1048 888 1111 949 abr

125 972 264 1033 extremis
275 970 429 1040 cornibus,
447 972 530 1051 equis
541 973 668 1033 mammo
679 988 738 1032 non
752 972 815 1034 visu
826 972 914 1033 modo
929 972 981 1032 sed
994 972 1084 1045 odore

125 1053 243 1115 insolito
253 1053 380 1125 territis,
397 1054 497 1133 lugam
507 1054 565 1118 late
577 1054 733 1116 iaciebant.
759 1054 904 1135 pedestris
915 1074 1014 1135 pugna
1030 1063 1112 1135 parti

124 1139 229 1200 animis
258 1140 351 1218 magis
373 1156 461 1218 quam
484 1140 596 1201 viribus
621 1146 698 1208 erat,
725 1157 798 1219 quas
821 1141 948 1200 recentis
969 1139 1085 1201 Poenus

124 1220 212 1302 paulo
223 1231 291 1283 aute
302 1223 411 1284 curatis
423 1222 597 1302 corporibus
610 1225 642 1283 in
656 1221 801 1302 proelium
814 1222 965 1285 attulerat:
981 1233 1082 1285 contre

123 1307 221 1367 ieiuna
239 1305 374 1386 fessaque
394 1324 520 1386 corpora
534 1307 675 1369 Romanis
695 1314 725 1367 et
745 1308 872 1386 rigentia
892 1306 959 1385 gelu
984 1315 1082 1387 torpe·

124 1387 204 1452 bant.
237 1390 414 1452 rostlthsent
424 1398 524 1457 tamen
535 1392 656 1461 animis,
673 1392 698 1452 sl
710 1408 777 1452 cum
788 1390 886 1471 pedite
900 1391 996 1452 solum
1006 1392 1084 1452 ioret

144 1481 301 1553 ugnatum;
331 1475 382 1536 sed
407 1482 437 1535 et
451 1474 581 1537 Baliares
600 1473 686 1554 pulso
711 1475 808 1555 equite
829 1474 1032 1543 iaculabantur
1052 1476 1111 1535 int

124 1492 232 1628 fatere,
255 1564 285 1618 et
304 1556 452 1637 elephanti
471 1560 530 1620 lam
550 1560 580 1619 in
602 1558 728 1620 mediam
750 1557 882 1639 peditum
902 1561 995 1621 aciem
1018 1576 1083 1619 sese

124 1641 266 1711 tulerant,
289 1649 318 1701 et
331 1642 416 1721 blago
432 1643 649 1721 Numidaeque,
670 1641 757 1704 simul
779 1641 907 1704 latebras
921 1660 1024 1704 eorum
1037 1643 1081 1703 in·

124 1724 245 1804 provida
266 1724 443 1803 praeterlata
464 1727 541 1787 acies
561 1736 620 1798 est,
648 1727 742 1788 exorti
762 1725 799 1787 ab
825 1734 910 1805 tergo
931 1728 1082 1806 lugentem

126 1806 280 1869 tumultum
298 1826 331 1870 ae
347 1820 491 1870 terrorem
509 1810 617 1870 iecere.
647 1820 745 1871 tamen
759 1810 792 1870 in
806 1816 850 1870 tot
865 1811 1080 1873 circumstanti·
1093 1815 1125 1866 lt

125 1910 180 1954 eus
193 1891 277 1953 malis
292 1895 398 1959 mansit
418 1891 596 1973 aliquamdiu
610 1894 723 1953 inmota
737 1895 828 1963 acies,
852 1896 978 1955 maxime
997 1911 1082 1974 prae·

124 1985 170 2038 tor
191 1994 274 2057 spem
288 1978 419 2037 omnium
441 1976 580 2038 adversus
595 1974 776 2053 elephantos.
809 1994 859 2036 eos
877 1975 978 2037 volites
994 1976 1030 2040 ad
1051 1977 1123 2038 idll

124 2061 218 2141 ipsum
239 2058 328 2121 locati
340 2061 449 2121 verutis
465 2059 606 2120 coniectis
618 2066 648 2119 et
661 2066 793 2120 avertero
811 2065 841 2119 et
859 2059 985 2120 insecuti
1001 2077 1083 2120 aver-

124 2162 172 2206 sos
187 2143 241 2205 sub
258 2142 372 2213 caudis,
389 2161 445 2223 qua
461 2160 596 2205 maxume
611 2141 694 2203 molli
708 2150 775 2204 cute
790 2139 911 2202 vulnera
927 2142 1082 2222 accipiunt,

125 2227 284 2289 fodiebant.
328 2226 399 2288 lvi.
429 2226 675 2307 Trepidantisque
692 2243 786 2305 prope
803 2226 862 2286 lam
879 2226 911 2285 in
927 2241 996 2285 suos
1013 2230 1109 2285 eon-1

124 2320 271 2374 sternatos
282 2330 299 2373 c
310 2311 406 2372 media
422 2312 485 2371 acie
496 2312 527 2371 ln
540 2316 703 2370 extremam
715 2307 751 2370 ad
763 2310 912 2369 sinistrum
924 2324 1018 2369 cornu
1033 2308 1083 2368 ad·

125 2414 227 2457 versuo
246 2395 343 2458 Gallos
360 2394 516 2457 auxiliares
532 2393 579 2471 agi
593 2393 678 2454 iussit
692 2391 848 2454 Hannibal.
878 2390 920 2452 ibi
937 2390 1084 2471 extemplo

126 2480 203 2540 haud
215 2479 331 2543 dubiam
344 2479 443 2540 iecere
453 2477 566 2557 lugam,
583 2495 676 2557 eoque
688 2494 779 2538 novus
791 2485 888 2538 terror
899 2474 1015 2538 additus
1025 2475 1084 2538 llo·

126 2562 236 2635 manis,
253 2572 284 2626 ut
300 2564 364 2626 lusa
381 2562 485 2625 auxilia
496 2581 548 2623 sua
560 2561 705 2623 viderunt.
733 2563 832 2641 itaque
842 2562 978 2622 cumiam
992 2561 1024 2621 ln
1036 2568 1113 2620 or·2

124 2649 192 2713 bom
207 2657 387 2729 pugnarent,
408 2648 511 2709 docem
530 2645 610 2707 milia
630 2646 723 2707 lermo
743 2647 909 2714 hominum,
932 2663 999 2707 cum
1014 2642 1085 2704 alibi

125 2732 248 2793 eradere
259 2733 436 2812 nequissent,
448 2729 692 2792 medialilrorum
703 2731 773 2801 acio,
788 2748 863 2810 quae
875 2728 992 2791 Gallicis
1004 2729 1084 2790 auxi·

126 2814 172 2873 liis
182 2815 296 2875 llrmata
308 2822 385 2885 erat,
402 2833 469 2876 cum
480 2815 593 2892 ingenti
605 2813 694 2875 caedo
708 2814 836 2874 hostium
852 2828 1029 2892 perrupere,
1046 2819 1084 2879 et,

127 2913 193 2956 cum
209 2913 305 2975 neque
322 2899 353 2957 in
369 2905 463 2959 castra
478 2897 590 2959 reditus
605 2903 683 2956 esset
697 2893 818 2956 dumlne
832 2893 1015 2962 interclusis,
1032 2899 1111 2952 nea

127 2995 184 3057 que
206 2996 277 3057 prae
297 2978 387 3039 imbri
410 2982 480 3041 satis
504 2980 665 3041 decernere
687 2985 820 3057 possent,
842 2993 899 3056 qua
917 2976 978 3035 suis
999 2991 1084 3054 opem

127 3061 449 3131 ierrent,Placeniiam
460 3071 542 3122 recto
552 3065 659 3124 itinere
670 3075 839 3141 perrexere.
865 3055 1112 3139 plurosdeindet

125 3148 156 3207 in
173 3163 276 3207 omnes
292 3153 391 3227 partes
409 3145 578 3224 eruptiones
600 3145 709 3206 iactae:
734 3152 764 3205 et
776 3145 827 3223 qul
846 3143 956 3221 humen
972 3142 1084 3220 petiere

126 3241 175 3292 aut
195 3229 360 3309 gurgitibus
381 3228 527 3307 absumpti
549 3234 618 3288 sunt
635 3235 685 3289 aut
705 3228 783 3287 inter
802 3227 1019 3287 cunctationem
1039 3225 1084 3284 ln·

126 3314 279 3393 grediondi
290 3314 327 3377 ab
343 3312 477 3374 hostibus
493 3312 641 3391 oppresse
660 3311 711 3390 qui
724 3311 833 3389 passim
848 3326 903 3389 per
915 3325 1002 3387 agros
1017 3308 1114 3386 lugat

126 3400 221 3477 sparsi
235 3407 335 3468 erant,
358 3398 477 3475 vestigia
499 3395 629 3456 cedentis
650 3402 807 3474 sequentes
822 3392 947 3473 agminis
963 3391 1084 3453 Placen·

126 3483 196 3543 tiam
209 3482 405 3550 contendere:
419 3480 484 3542 aliis
495 3481 583 3541 timor
594 3480 724 3541 hostium
736 3478 887 3540 audaciam
900 3473 1084 3556 ingrediendi
