2575 4067
276 293 370 335 mnn
385 293 441 336 vn.
457 293 525 337 oar.
541 281 566 334 8.
582 281 607 333 it.
625 281 666 334 10.
683 271 723 355 [s.
740 275 775 338 0.
792 281 850 335 tes.
865 275 927 354 sul]
1061 280 1082 342 9

120 458 180 520 que
199 439 374 517 fugientium
397 438 434 500 ab
455 439 597 518 Signinis,
617 458 686 502 cum
704 447 823 520 praeter
841 443 957 503 moenia
977 460 1082 505 eorum

119 522 321 602 infrequentia
342 530 499 600 conspecte
519 524 602 601 sigua
623 530 735 592 essent,
758 525 904 586 insamae
923 543 978 605 per
993 543 1081 605 agros

120 606 237 684 trepida
253 606 321 685 iuga
335 604 466 685 palatum
483 612 536 666 est.
566 625 622 668 nec
633 607 773 669 Romanis
789 610 945 671 incruenta
961 610 1111 672 victorias

119 690 189 750 iuit:
210 698 314 769 quarta
330 706 400 769 pars
415 688 541 750 militum
556 691 679 758 amissa,
699 698 743 761 et,
763 689 814 751 ubi
829 691 908 753 baud
924 694 1023 758 minus
1037 694 1079 755 ia·

120 781 223 834 oturae
237 773 301 845 init,
318 771 429 853 aliquot
444 775 557 853 equites
570 774 695 835 Romani
710 773 854 835 cecidere.

183 856 232 918 lx.
253 856 422 935 Insequenti
446 874 523 917 anno
546 874 612 917 cum
630 857 662 920 G.
683 856 829 938 Sulpicius
852 865 883 920 et
903 858 934 921 G.
952 859 1110 921 Liciniust

120 939 226 1002 Calvus
247 939 383 1002 consules
401 941 431 1000 in
449 940 593 1002 Hernicos
614 942 775 1003 exercitum
796 941 961 1014 duxissem,
984 953 1080 1024 nequa

120 1025 245 1085 inventis
255 1024 287 1084 in
303 1041 374 1103 agro
389 1023 523 1085 hostibus
532 1024 731 1094 Ferentinum,
744 1025 849 1088 urbem
863 1044 975 1097 eorum,
988 1028 1016 1088 vi
1030 1045 1078 1087 ce·

119 1109 245 1187 pissent,
267 1106 481 1169 revertentibus
502 1106 571 1168 inde
595 1109 637 1170 eis
657 1107 796 1171 Tiburtes
816 1118 917 1189 portas
938 1109 1079 1172 clausere.

121 1208 155 1252 ea
170 1190 273 1253 ultima
291 1192 345 1253 iuit
361 1209 464 1262 causa,
482 1209 548 1254 eum
569 1191 678 1253 miritae
693 1201 761 1253 ante
780 1194 981 1273 querimoniae
1001 1193 1110 1257 uiuos

120 1276 255 1354 citroque
276 1277 400 1337 lacuna
421 1282 536 1345 essem,
557 1292 610 1336 our
628 1293 683 1355 per
704 1276 816 1338 sedales
836 1277 927 1338 rebus
947 1279 1081 1357 repetitis

119 1356 230 1419 beilum
246 1358 363 1421 Tiburti
377 1357 486 1440 populo
500 1357 690 1421 indiceretur.

182 1442 360 1504 Dictatorem
375 1443 409 1503 T.
426 1443 594 1513 Quinotium
609 1444 743 1505 Pennum
760 1462 796 1505 eo
810 1462 888 1506 anno
903 1445 994 1507 fuisse
1010 1449 1110 1508 satist

119 1533 235 1588 constat
252 1536 281 1588 et
294 1528 467 1605 magistrum
484 1528 614 1607 equitum
630 1528 695 1588 Ser.
714 1526 882 1590 Cornelium
897 1528 1078 1607 Maluginen-

118 1629 191 1671 sem.
218 1611 317 1671 Macer
331 1609 460 1671 Licinius
472 1610 659 1672 conuitiorum
673 1610 877 1673 habendorum
895 1630 981 1675 causa
997 1620 1028 1675 et
1042 1612 1079 1674 ab
1094 1621 1111 1671 t

118 1694 232 1757 Licinio
247 1692 367 1755 consule
386 1693 496 1754 dictum
518 1692 634 1765 scribit,
653 1695 720 1775 quia
735 1693 847 1774 coiiega
868 1697 985 1758 comitia
1000 1694 1077 1758 seito

117 1777 272 1858 praeferre
294 1777 464 1848 festiname,
486 1785 518 1838 ut
540 1778 726 1840 continuaret
742 1778 940 1850 consulatum,
963 1778 1077 1840 obviam

118 1859 249 1922 cundum
264 1878 371 1940 pravae
386 1860 539 1940 cupiditati
552 1862 651 1923 tuerit.
686 1864 818 1942 quaesita
834 1880 868 1924 ea
882 1863 1020 1943 propriae
1036 1864 1109 1923 iad

118 1943 218 2005 miliae
232 1943 295 2004 iaus
312 1942 452 2005 leviorem
467 1953 617 2006 auctorem
633 1946 778 2006 licinium
795 1946 875 2007 facit.
912 1963 979 2008 cum
993 1963 1077 2007 men·

117 2029 230 2089 tionem
243 2030 305 2088 eius
315 2029 360 2088 rei
370 2029 402 2089 in
412 2027 620 2089 vetustioribus
632 2027 787 2090 annalibus
799 2028 910 2090 nubam
921 2030 1076 2095 inveniam.

115 2118 210 2194 magis
226 2126 257 2176 nt
275 2115 348 2178 belli
360 2116 463 2178 Gallici
479 2133 567 2179 causa
586 2117 761 2179 dictatorem
778 2127 910 2179 creatum
933 2117 1072 2187 arbitrer,

114 2200 241 2261 inclinat
262 2202 385 2260 animus.
416 2218 452 2259 eo
468 2209 549 2262 certe
568 2216 645 2259 anno
662 2200 737 2260 Galli
754 2201 790 2260 ad
806 2203 926 2261 tertium
945 2199 1102 2280 lapidemt

116 2281 231 2344 Salaria
247 2284 293 2343 via
307 2294 390 2343 trans
405 2292 523 2361 pontem
538 2282 658 2344 Anienis
672 2289 767 2343 castra
779 2280 921 2343 habuere.
950 2281 1074 2343 dictator

115 2383 185 2427 curn
200 2366 344 2427 tumuitus
360 2365 464 2428 Gaiiici
479 2383 568 2427 causa
583 2366 727 2426 iustitium
744 2366 893 2435 edixisset,
912 2382 1015 2425 omnes
1029 2368 1074 2425 iu·

114 2449 217 2509 niores
229 2457 413 2509 sacramento
423 2449 531 2528 adegit,
546 2449 717 2527 ingentique
729 2449 859 2510 exercitu
871 2447 907 2511 ab
919 2448 993 2509 urbe
1004 2465 1073 2526 pro·

114 2533 213 2592 iectus
223 2533 254 2591 in
266 2535 405 2593 citeriore
415 2535 480 2613 ripa
488 2534 609 2594 Anienis
618 2539 713 2595 eastra
724 2534 831 2612 posuit.
852 2530 1101 2612 ponstnmedion

115 2623 191 2684 erat,
209 2617 323 2676 neutris
337 2632 403 2676 eum
420 2615 634 2696 rumpentibus,
654 2634 692 2676 ne
702 2619 818 2678 timoris
832 2618 970 2678 indicium
986 2627 1073 2679 esset.

114 2696 231 2777 proelia
240 2698 277 2759 de
287 2700 458 2778 occupando
470 2708 560 2781 ponte
573 2699 680 2762 crebra
692 2709 785 2768 erant,
798 2718 863 2771 neo,
875 2705 927 2781 qui
938 2710 1074 2780 poteren-

114 2790 174 2849 tur,
186 2782 310 2843 inoertis
321 2782 435 2844 viribus
447 2786 518 2845 satis
530 2784 660 2845 discerni
670 2792 795 2862 poterat.
817 2790 880 2844 tum
891 2787 997 2845 eximia
1010 2791 1102 2844 cor-a

114 2866 199 2942 poris
216 2865 421 2941 magnitudine
442 2869 610 2928 innocuum
631 2876 754 2945 pontem
769 2865 868 2929 Gallus
884 2869 1027 2943 processit
1046 2875 1076 2927 et

115 2962 259 3033 quantum
273 2957 401 3015 maxima
415 2972 486 3015 voce
500 2954 595 3032 potuit
613 2968 722 3031 „quem
736 2959 835 3012 nunc“
854 2952 949 3030 inquit
962 2949 1075 3020 „Roma

116 3038 212 3097 virum
228 3036 419 3099 fortissimum
430 3036 529 3105 babet,
543 3034 686 3116 procedat
699 3033 822 3112 agedum
839 3034 875 3094 ad
890 3049 1028 3112 pugnam,
1043 3040 1076 3091 ut

117 3127 217 3181 noster
235 3119 361 3181 duorum
383 3127 503 3181 eventus
521 3118 667 3189 ostendat,
684 3126 749 3178 ntra
770 3134 844 3196 gens
862 3114 941 3177 bello
960 3116 998 3174 sit
1012 3133 1073 3175 me·

116 3201 204 3263 iior.“
238 3202 274 3263 X.
297 3204 352 3265 Diu
369 3205 447 3265 inter
462 3205 608 3283 primores
621 3203 759 3262 iuvenum
771 3202 972 3261 Romanorum
986 3197 1074 3258 siien·
1092 3210 1102 3256 1

116 3287 190 3347 tium
205 3286 270 3357 fuit,
287 3305 353 3348 cum
372 3295 402 3348 et
417 3287 547 3349 abnuere
561 3293 710 3345 certamen
726 3291 899 3344 vererentur
917 3291 946 3342 et
961 3283 1074 3360 praeci·

115 3388 204 3448 puam
221 3379 331 3432 sortem
350 3370 475 3451 periculi
495 3375 596 3449 petere
616 3365 736 3426 nollent.
775 3374 836 3426 tum
853 3365 887 3425 T.
901 3363 1025 3426 bianiius
1041 3367 1074 3428 L.
1089 3376 1106 3424 2

115 3452 207 3522 iilius,
231 3457 282 3533 qui
296 3466 411 3534 patrem
432 3452 616 3515 oneratione
637 3448 793 3510 tribunicia
809 3449 1016 3520 vindicaverat,
1039 3469 1075 3511 ex

116 3537 242 3598 statione
258 3538 295 3598 ad
310 3537 483 3601 dictatorern
498 3536 608 3617 pergit:
630 3533 763 3602 „iniussu
781 3541 850 3595 tno“
865 3536 973 3613 inquit,
998 3536 1072 3602 „im-
