2575 4067
288 268 382 312 amun
399 270 454 313 vn.
472 270 541 313 cae.
556 258 582 311 o.
599 260 625 312 7.
644 251 684 334 [e.
700 254 735 317 0.
750 252 811 335 862]
1009 259 1028 318 7

63 422 207 499 quiquam
218 418 356 489 misisset,
370 420 467 498 primo
480 437 597 500 quoque
610 418 658 480 die
670 419 825 482 terendum
840 420 877 481 ed
888 418 1029 501 populum

62 504 104 565 de
123 501 203 564 bebo
215 501 374 563 indicendo
384 502 521 564 Hernicis
538 504 660 574 censuit,
676 502 859 584 populusque
873 504 904 566 id
918 501 1029 565 bellum

62 588 209 666 frequens
226 587 320 646 iussit.
341 586 374 646 L.
388 586 518 648 Genucio
532 585 645 648 consuli
660 604 695 647 ea
708 588 859 667 provincia
873 597 952 649 sorte
963 605 1029 649 eve·
1044 586 1061 638 8

62 673 120 733 nit.
146 671 178 731 iu
193 670 396 749 expectatione
410 670 511 731 civitas
526 679 599 742 erat,
611 669 690 750 quod
704 671 818 750 primus
829 669 879 731 iiie
893 670 929 731 de
942 669 1030 749 plebe

63 754 171 815 consui
187 752 297 815 bellum
312 755 372 814 suis
383 755 520 833 auspiciis
529 761 665 834 gesturus
680 760 765 826 esset,
778 754 902 834 perinde
917 761 950 814 ut
963 772 1028 815 eve·

63 840 160 918 nisset
175 855 239 907 res,
262 838 303 898 ita
318 838 550 899 communicatos
570 838 700 899 honores
717 855 772 918 pro
786 836 863 899 bene
879 845 930 899 aut
945 854 1030 898 secus

63 920 203 983 constabo
217 919 363 983 habiture.
386 920 463 982 iorte
476 923 516 982 ita
534 920 601 983 tulit
611 939 705 993 cauus,
721 929 754 982 ut
764 921 911 983 Genucius
925 920 962 982 ad
976 919 1028 982 ho·
1043 927 1061 979 9

38 1076 42 1080 ,
63 1012 128 1067 stes
148 1022 255 1084 magno
274 1013 382 1066 conatu
401 1005 553 1085 proiectus
572 1006 604 1066 in
624 1005 746 1067 insidIas
761 1005 983 1085 praecipitaret,
1001 1011 1031 1066 et

62 1089 234 1167 legionibus
253 1090 428 1168 necopinato
448 1107 557 1170 pavore
579 1088 653 1151 lusis
674 1087 791 1158 consul,
813 1089 1029 1149 circumventus

64 1176 103 1236 ab
119 1173 230 1244 inseiis,
248 1191 337 1252 quem
349 1174 584 1253 intercepissent,
600 1173 795 1235 occideretur.
824 1171 903 1251 quod
919 1169 970 1232 ribi
984 1179 1029 1233 est
1039 1180 1069 1232 it

63 1258 192 1320 Romam
209 1258 383 1328 nuntiatum,
398 1274 584 1337 nequaquam
601 1262 714 1318 tantum
732 1254 850 1336 publica
864 1253 1029 1316 edomitete

64 1342 172 1403 maesti
182 1347 290 1419 patres,
307 1348 448 1421 quantum
464 1341 579 1403 feroces
591 1339 704 1401 iuielici
718 1337 847 1402 consulis
861 1336 960 1418 plebei
975 1338 1028 1399 du·

64 1434 116 1486 ctu
141 1424 272 1485 iremunt
293 1422 429 1484 omnibus
450 1422 538 1485 locist
564 1425 656 1495 hant,
681 1421 818 1485 crearent
835 1420 972 1484 consules
992 1439 1029 1483 ex

62 1506 164 1589 plebe,
181 1507 379 1569 transferrent
395 1510 603 1588 auspiciaque
620 1507 704 1569 neias
719 1514 805 1569 esset.
835 1507 965 1586 potuisse
975 1524 1027 1587 pa·
1039 1516 1066 1567 11

63 1602 128 1654 tres
155 1590 316 1671 plebiscito
340 1589 411 1670 peili
423 1590 588 1652 honoribus
608 1592 684 1659 suis;
705 1609 776 1652 num
796 1591 884 1652 etiam
903 1592 936 1651 in
957 1590 1029 1651 deos

64 1674 240 1736 inmortales
258 1677 469 1754 inauspicatam
487 1673 583 1754 legem
605 1673 748 1736 adunet
770 1673 932 1735 dedicasse
948 1676 1029 1754 ipsos

62 1777 151 1821 suum
168 1775 288 1830 numen,
306 1776 359 1819 sua
376 1760 515 1837 auspicia,
532 1776 606 1838 quae
622 1765 657 1819 ut
672 1759 800 1839 primum
819 1765 954 1819 contacta
970 1758 1030 1819 siut

62 1842 102 1903 ab
116 1858 162 1912 eo,
176 1860 193 1902 a
210 1860 267 1921 quo
285 1858 340 1903 nec
353 1843 400 1902 ius
415 1859 471 1902 nec
487 1841 531 1903 ias
545 1842 643 1913 fuerit,
660 1840 789 1903 deletum
804 1859 871 1903 cum
886 1840 962 1903 duce
977 1859 1027 1902 er·

63 1927 193 1986 ercitum
209 1925 387 1986 documento
401 1923 499 1997 fuisse,
515 1943 553 1986 ne
568 1924 675 1987 deinde
688 1925 807 1987 turbato
818 1927 950 2004 gentium
963 1925 1029 1987 iure

63 2010 186 2070 comitia
199 2007 390 2070 haberentur.
422 2009 468 2070 his
486 2008 605 2070 vocibus
621 2010 703 2070 curia
720 2008 863 2070 otiorum
878 2016 1028 2089 personat
1040 2012 1071 2063 1²

65 2096 119 2172 tp.
135 2091 297 2163 Claudium,
313 2094 380 2172 quia
396 2092 573 2154 dissuaserat
586 2091 692 2172 legem,
706 2094 818 2154 maiore
835 2109 914 2154 nuno
928 2100 1028 2154 aucto·

61 2178 153 2237 ritate
169 2185 306 2237 eventum
322 2176 497 2255 reprehensi
510 2174 547 2237 ab
563 2193 595 2236 se
607 2175 722 2236 consilii
731 2177 924 2245 incusantem,
937 2174 1027 2235 (iloto-

61 2271 162 2320 torem
184 2276 330 2320 consensu
351 2260 544 2339 patriciorum
560 2257 700 2321 Servilius
723 2257 827 2319 consui
847 2257 931 2327 dicit,
957 2255 1028 2317 dile·

62 2351 189 2421 otusque
204 2350 234 2404 et
247 2344 390 2405 iustitium
404 2343 558 2404 indimum.

125 2426 186 2487 vll.
206 2426 381 2507 Priusquam
396 2426 521 2488 dictator
534 2426 725 2506 legionesque
736 2442 828 2486 norae
843 2427 875 2486 in
886 2424 1030 2486 Hernicos
1046 2429 1060 2481 t

61 2511 210 2582 venirent,
227 2510 317 2572 ductu
332 2511 363 2573 C„
380 2510 492 2591 Sulpici
508 2510 596 2590 legati
611 2526 660 2571 res
675 2526 730 2590 per
745 2510 931 2571 occasionem
946 2515 1029 2588 gesta

62 2594 185 2672 egregie
206 2601 260 2654 est.
296 2595 328 2655 in
343 2594 505 2665 Hernicos,
522 2600 618 2656 morte
638 2592 767 2655 consulis
785 2596 977 2674 contemptim
994 2592 1061 2654 ada
1122 2601 1126 2608 ·

61 2684 161 2738 castra
176 2678 309 2739 Romana
325 2696 392 2740 cum
406 2678 485 2740 haud
500 2678 588 2740 durbia
603 2676 792 2758 expugnandi
802 2696 856 2759 spe
868 2677 1029 2739 succeden-

62 2771 118 2830 tes,
135 2760 272 2822 hortante
289 2761 387 2840 iegato
402 2769 432 2823 et
445 2761 542 2841 pleuto
561 2763 624 2823 irae
640 2771 728 2842 atque
749 2761 931 2840 indignitatis
951 2759 1028 2822 mili·

61 2851 126 2905 tum
143 2845 248 2905 animis
262 2847 379 2925 eruptio
393 2852 439 2906 est
449 2846 536 2906 iacta.
562 2844 686 2908 mtrltum
701 2845 738 2916 ab
753 2863 806 2924 spe
820 2844 947 2906 adeundi
962 2842 1028 2906 velli

60 2943 114 2987 res
124 2925 259 2989 llernchs
273 2928 360 2990 aluit:
377 2929 450 2990 adeo
465 2927 589 2991 turbatis
600 2929 670 2990 inde
685 2928 838 2989 ordinibus
849 2927 1028 2990 absoemere.
1043 2934 1060 2985 t

62 3008 215 3072 dictatoris
235 3012 343 3074 deinde
358 3013 485 3075 adventu
504 3031 596 3075 novus
614 3014 707 3074 veteri
725 3012 871 3073 exercitus
887 3010 1027 3089 iungitur,

63 3098 95 3154 et
113 3096 214 3175 copiae
237 3096 439 3176 duplicantur:
462 3105 492 3158 et
511 3117 567 3177 pro
591 3097 728 3158 contione
749 3096 874 3157 dictator
893 3092 1030 3155 laudibus

62 3175 152 3256 legati
173 3178 374 3261 militumque,
397 3199 522 3260 quorum
543 3182 649 3243 virtute
669 3187 764 3242 oasim
790 3178 911 3240 defensa
935 3183 1028 3247 erent,

63 3259 151 3321 simul
164 3262 351 3327 audientibus
363 3264 465 3326 laudes
479 3265 599 3325 meritas
615 3262 691 3325 tollit
705 3265 833 3334 animos,
849 3259 936 3323 slmui
951 3266 1028 3321 cete·

63 3361 114 3404 ros
126 3346 163 3406 ad
179 3345 369 3410 aemulandas
380 3349 503 3409 virtutes
520 3349 607 3408 acuit.
634 3364 672 3407 ne
715 3365 731 3407 e
745 3348 864 3425 segnius
878 3344 916 3406 ad
930 3344 1061 3407 hostcst

64 3426 174 3490 beilum
189 3442 358 3510 apparatur,
377 3433 427 3511 qui
446 3439 475 3492 et
489 3432 567 3512 parti
587 3437 656 3493 ante
696 3431 790 3491 eooris
809 3447 956 3491 memores
977 3445 1022 3489 ne·

64 3528 121 3590 que
138 3513 236 3591 ignari
259 3523 412 3577 aucmrum
430 3515 537 3576 virium
553 3515 646 3576 hostis
665 3532 734 3576 suas
754 3533 871 3596 quoque
885 3515 963 3575 vires
977 3529 1029 3573 au·
