2575 4067
242 227 304 292 8³6
406 238 499 281 oman
512 238 600 280 xxrn.
617 237 685 279 can.
704 225 745 278 17.
759 221 802 277 ta.
819 214 858 297 [a.
873 239 904 278 n.
921 238 947 278 c.
964 213 1026 297 bas]

214 398 230 447 7
303 384 449 448 Hannibal
460 386 578 447 Acerris
592 383 714 463 dIreptls
724 390 811 463 atque
826 383 968 452 incensis,
984 401 1078 445 cuma
1091 384 1198 445 CasIno

243 468 416 532 dictatorem
430 469 594 531 Romanum
608 466 798 546 legionesque
812 465 847 509 **
858 466 944 526 nimts
955 467 1049 546 accipi
1064 469 1200 528 nuntIas·

242 561 323 625 sent,
338 570 376 614 ne
392 553 457 633 quis
471 560 529 612 tam
544 552 716 630 proplnquls
733 549 861 610 hostium
875 552 979 610 castris
994 549 1110 628 Capuae
1125 568 1199 630 quo·

215 645 300 717 tque
311 644 446 698 oreretur
461 642 571 706 motus,
587 635 748 696 exercitum
764 632 801 694 ad
816 630 975 695 Casiliuum
996 632 1086 693 ducit.
1118 632 1199 694 Casl·

243 720 336 782 linum
356 737 391 781 eo
418 727 552 799 tempore
572 718 725 798 quingenti
749 716 932 778 Praenestini
957 715 1107 778 habebant
1129 734 1199 778 cum

242 805 343 883 paucis
363 802 502 865 Romanis
524 802 677 881 Latinique
707 800 848 869 nomime
880 817 953 878 quos
973 798 1078 861 eodem
1099 798 1198 861 audita

215 888 404 951 acaunensis
424 884 521 947 clades
541 883 714 946 contulerat
748 883 780 943 bl
799 899 860 943 non
880 882 1014 944 contecto
1037 880 1199 944 Praeneste

245 971 282 1032 ad
293 971 371 1032 dem
383 967 492 1030 dilectu
503 970 598 1031 serius
610 967 736 1047 proiecti
755 966 843 1027 domo
863 984 930 1028 curn
946 964 1106 1029 Casllinum
1128 974 1199 1027 ante

243 1056 351 1116 lamam
366 1052 504 1114 adversae
520 1069 636 1131 pugnae
653 1052 814 1120 venissent,
838 1057 868 1111 et
885 1047 949 1110 aliis
968 1048 1200 1127 adgregantibus

243 1155 307 1198 sese
317 1135 457 1198 Romanis
468 1136 613 1214 sociisque
623 1134 749 1214 prolecti
762 1152 780 1195 a
793 1131 918 1196 Casilino
930 1150 999 1194 cum
1009 1133 1078 1194 satis
1089 1149 1199 1211 magno

243 1220 359 1298 agroiue
374 1220 467 1289 bant,
483 1220 587 1279 avertit
603 1235 654 1280 cos
668 1223 748 1278 retro
760 1215 917 1279 Casiliuum
931 1216 1050 1278 nuntius
1061 1215 1199 1282 Cannen

203 1312 235 1363 ιο
245 1305 285 1366 sis
295 1321 420 1382 pugnae.
442 1301 485 1363 lbi
498 1319 565 1363 eum
576 1300 639 1362 dies
653 1298 762 1379 aliquot
778 1300 906 1377 suspecti
920 1299 1074 1378 Campanis
1090 1299 1199 1359 tiuren·

244 1395 347 1466 tesque
359 1384 494 1447 carendis
508 1403 542 1446 ac
557 1382 706 1446 struendis
719 1384 751 1443 in
761 1384 854 1444 vlcem
865 1382 978 1444 insidiis
989 1382 1197 1452 traduxlssent

244 1477 276 1531 ut
297 1469 334 1530 de
349 1469 464 1549 Capuae
484 1467 649 1528 delectione
669 1467 717 1543 agl
738 1466 889 1545 accipique
910 1463 1104 1528 IIannIbalern
1127 1466 1199 1526 satis

243 1559 406 1696 prgqgoem
428 1549 576 1693 babsuevreli
603 1550 765 1694 Interiecttis
789 1558 875 1610 nocte
902 1549 1065 1693 qlplplqllqulsl
1082 1557 1198 1647 partern

244 1654 281 1697 ur
334 1650 467 1706 ,uaec
535 1650 908 1694 ournumes-eoen
1066 1648 1200 1692 uramnr

204 1727 231 1778 11
246 1752 296 1788 —,
311 1653 500 1796 occffrparcre.
520 1714 609 1796 quue
619 1715 759 1795 praesidii
773 1714 891 1779 CasiIini
898 1714 1049 1777 habebant
1060 1713 1199 1776 Romani.

244 1801 360 1862 addltur
368 1798 541 1861 etPerusina
549 1799 664 1871 cohors,
680 1800 813 1860 homines
824 1797 1031 1878 quadringenti
1038 1799 1199 1875 sexaginta,

125 1938 129 1944 .
244 1883 347 1946 eodem
361 1883 474 1957 nuntio,
489 1901 546 1963 quo
560 1882 744 1944 Praenestini
749 1899 858 1962 paucos
873 1888 941 1943 ante
952 1882 1023 1953 dies,
1039 1879 1199 1943 Casilinum

204 1975 235 2026 12
247 1964 388 2047 conpulsi.
426 1974 455 2027 et
475 1967 544 2028 satis
566 1966 661 2029 ferme
681 1974 861 2028 armatorum
876 1965 912 2027 ad
925 1973 984 2027 tarn
1000 1966 1103 2044 engua
1116 1982 1199 2025 moe·

245 2052 294 2111 nia
315 2057 344 2110 et
357 2049 478 2111 flumine
505 2049 596 2111 altera
615 2057 700 2129 parte
722 2050 817 2110 cincta
840 2048 949 2110 tuenda
971 2056 1050 2118 erat:
1072 2048 1200 2127 penuria

245 2134 399 2203 frumenti,
416 2134 539 2195 nlrniurn
554 2134 642 2194 etiam
656 2140 689 2193 ut
702 2132 850 2194 rideretur
860 2131 1023 2203 hominum,
1041 2130 1198 2192 efficiebat.

218 2226 230 2276 t
304 2212 403 2279 XVIII.
431 2215 576 2277 Hannibal
588 2234 656 2277 cum
667 2218 726 2276 lam
735 2215 804 2277 inde
814 2214 891 2277 band
906 2213 1010 2294 procul
1021 2221 1107 2285 esset,
1124 2214 1198 2282 Gne·

245 2300 322 2361 tulos
337 2318 404 2361 cum
414 2299 564 2379 praelecto
579 2302 699 2361 nomine
712 2298 803 2360 Isalca
816 2300 985 2379 praemittit,
1000 2316 1035 2360 ac
1048 2298 1158 2377 primo,
1175 2299 1200 2359 si

245 2386 295 2446 liat
309 2382 456 2463 conloquii
470 2384 568 2463 copia,
590 2382 689 2445 verbis
707 2381 842 2461 benlgnis
857 2380 894 2443 ad
928 2390 1007 2443 ortas
1022 2382 1201 2460 aperiundas

245 2467 481 2546 praesidiumque
496 2467 698 2547 acciplendum
712 2464 857 2545 perlicere
872 2466 882 2526 i
924 2473 967 2537 et,
985 2465 1054 2527 sila
1067 2465 1201 2543 pertina-

246 2552 291 2610 cia
304 2557 451 2629 perstent,
472 2551 500 2609 ri
514 2568 578 2611 rem
594 2568 699 2629 gerere
713 2568 747 2611 ac
766 2556 925 2630 temptare,
944 2550 970 2610 si
985 2566 1042 2630 qua
1055 2555 1142 2628 parte
1156 2551 1201 2609 in·

219 2630 354 2691 aradere
365 2629 470 2693 urbem
480 2633 582 2711 possit.
606 2632 658 2692 ubi
672 2632 709 2693 ad
723 2633 839 2695 moenia
851 2632 1015 2703 adcessere,
1032 2632 1100 2709 quia
1110 2631 1201 2693 silen-

245 2716 318 2774 tium
328 2720 399 2783 erat,
412 2712 537 2774 solitudo
550 2715 610 2774 risa
617 2733 625 2783 ;
637 2723 775 2793 metuque
786 2733 958 2779 concessum
964 2714 1108 2776 barbarus
1119 2723 1203 2777 ratris

221 2794 346 2858 amolisi
358 2803 459 2878 portas
473 2804 503 2858 et
517 2795 643 2858 claustra
657 2797 821 2877 refringere
841 2808 941 2879 parat,
965 2817 1032 2861 cum
1046 2798 1203 2877 patefactis

247 2888 369 2961 repente
382 2881 477 2960 portis
488 2880 624 2942 cohortes
639 2879 727 2953 duae,
743 2881 820 2943 adid
836 2884 933 2961 ipsum
942 2884 1103 2945 instructae
1121 2884 1203 2944 intus

246 2967 358 3043 ingenti
364 2983 431 3026 eum
446 2964 927 3046 tumultuerumpuntstragemque
937 2967 1067 3028 bostlum
1078 2964 1203 3028 iaciunt

218 3049 287 3110 sita
301 3049 404 3128 primis
419 3047 545 3128 repulsIs
560 3047 712 3110 Maharbal
727 3066 794 3110 cum
812 3050 924 3111 malore
943 3048 1053 3111 robore
1069 3049 1204 3111 virorum

218 3133 352 3193 amissus
363 3149 419 3192 nec
428 3132 492 3210 ipse
503 3133 688 3212 eruptionem
699 3131 863 3194 cohortium
874 3134 1020 3196 sustinuit.
1047 3139 1204 3212 postremo

246 3213 392 3276 Hannibal
408 3217 511 3276 castris
525 3222 591 3276 anta
605 3216 668 3295 ipsa
684 3216 799 3277 moenla
810 3217 951 3297 oppositis
957 3233 1078 3298 parram
1094 3214 1203 3278 urbam
1281 3287 1282 3290 Ἴ

246 3316 426 3379 parvumque
443 3297 622 3379 praesidium
651 3318 764 3361 summa
785 3300 812 3361 ri
833 3306 919 3380 atquc
945 3298 1083 3363 omnibus
1108 3300 1205 3380 copiis
1281 3293 1282 3380 ζ

248 3397 419 3460 oppugnare
431 3390 524 3462 parat.
554 3400 588 3444 ac
603 3380 673 3444 dum
690 3384 778 3444 instat
797 3381 972 3464 lacessitque
988 3401 1099 3446 corona
1114 3382 1205 3444 undi-
1281 3397 1282 3422 ¹

247 3479 304 3540 quc
320 3464 506 3527 clrcnmdatls
521 3465 692 3537 moenibus,
719 3465 827 3548 aliquot
848 3467 955 3529 milites
972 3475 1001 3529 ct
1015 3466 1203 3548 promptissi-
