2575 4067
247 221 308 283 292
383 234 476 275 ereren
490 234 566 276 ¹111.
583 233 652 275 oar.
669 220 713 271 ³4.
731 221 774 272 tt.
790 211 831 292 [a.
845 237 877 276 u.
892 220 989 276 obet.
1005 215 1072 295 5³8]

246 381 389 449 eiliatum,
405 378 442 440 ab
455 379 489 451 Ο.
505 379 578 440 Fani
588 380 693 460 opibus
706 385 736 439 et
749 380 903 440 dictatorio
917 381 1042 460 imperio
1059 399 1235 444 concusso

246 462 341 524 aliena
354 462 463 523 invidia
474 462 694 542 splendentem,
711 461 814 541 volgus
828 470 858 524 et
872 464 1027 524 extrahere
1042 463 1085 523 ad
1101 483 1235 527 consu·

244 545 337 608 latum
351 544 513 617 nitebatur,
535 556 635 626 patres
649 564 763 607 summa
790 563 846 625 ope
866 545 1034 616 obstabant,
1058 564 1101 607 ne
1118 567 1166 609 se
1182 552 1233 609 in·

219 629 388 691 tsectando
403 628 460 690 sibi
481 631 599 708 aequari
617 628 826 690 adsuescerent
843 630 988 690 homines.
1024 629 1060 700 Q.
1078 630 1232 693 Baebius

245 713 414 775 Herennius
437 711 704 792 tribunusplebis,
727 721 869 791 cognatus
893 713 925 792 tl.
947 713 1084 783 Terenti,
1108 716 1230 776 crimi-

246 794 345 857 nando
359 813 419 857 non
434 804 567 857 senatum
581 796 669 857 modo
684 796 737 857 sed
752 797 839 857 etiam
854 812 995 873 augures,
1018 796 1102 876 quod
1117 797 1228 859 dicta·

246 890 341 940 torem
355 878 576 957 prohibuissent
586 881 704 941 comitia
717 880 870 959 perticere,
886 897 941 959 per
951 879 1092 940 invidiam
1103 898 1225 943 eornm
1275 933 1276 962 ἦ

218 962 376 1024 tlarorem
400 961 555 1023 candidato
579 981 632 1024 suo
654 961 841 1024 conciliabat:
867 962 904 1023 ab
924 962 1095 1024 bominibus
1124 964 1223 1026 nobi·
1275 995 1276 1036 r

247 1045 323 1105 tiburs
346 1062 401 1124 per
422 1046 530 1106 multos
544 1063 636 1107 annos
657 1045 768 1107 bellum
787 1043 996 1126 quaerentibus
1009 1046 1223 1109 Hannibalem
1275 1081 1276 1120 ;

246 1130 277 1189 in
301 1127 413 1189 ltaliam
435 1128 608 1198 adductum3
635 1128 671 1190 ab
693 1130 801 1199 isdem,
834 1147 902 1190 oum
929 1129 1071 1190 debellari
1103 1135 1220 1209 possit,
1275 1131 1276 1212 1

218 1211 350 1273 tlraude
374 1210 485 1273 bellum
511 1213 596 1274 trahi.
634 1231 702 1273 eum
732 1220 870 1293 quattuor
903 1211 1013 1294 [milia]
1039 1212 1221 1291 legionibus
1275 1213 1276 1300 l

247 1296 390 1356 um‘versls
421 1298 546 1375 pugnari
577 1314 665 1375 posse
687 1298 870 1376 apparuisset
898 1315 950 1368 eo,
989 1295 1068 1376 quod
1092 1297 1135 1358 ll.
1162 1299 1218 1359 bii·
1275 1303 1276 1382 l

218 1380 351 1440 onueius
370 1378 491 1440 absente
511 1379 602 1440 Fabio
622 1397 764 1459 prospere
785 1387 959 1459 pugnasset,
981 1379 1052 1440 duas
1071 1378 1217 1457 legiones
1275 1389 1276 1464 l

246 1462 324 1523 hosti
338 1460 376 1523 ad
395 1463 516 1523 caedem
532 1461 676 1539 obiectas,
700 1462 806 1524 deinde
829 1481 865 1523 ex
886 1465 950 1543 ipsa
966 1463 1056 1524 caede
1077 1472 1214 1543 ereptas,
1275 1473 1276 1490 ¹

247 1552 280 1606 ut
292 1554 377 1624 pater
390 1553 591 1624 patronusque
604 1546 816 1626 appellaretur,
834 1549 885 1626 qui
900 1548 983 1626 prius
995 1548 1116 1609 vincere
1136 1566 1213 1627 pro·

219 1627 391 1688 thibuisset
405 1628 554 1688 Romanos
569 1648 658 1707 quam
673 1632 758 1690 vinci.
792 1627 928 1691 eonsules
946 1629 1053 1690 deinde
1066 1629 1212 1691 Fabianis

247 1708 373 1775 artibus,
391 1726 458 1769 eum
470 1708 617 1771 debellare
628 1722 758 1790 possent,
773 1712 883 1773 bobum
897 1715 1030 1774 traxisse.
1059 1714 1090 1774 id
1102 1714 1210 1774 foedus
1275 1733 1276 1758 ³

248 1794 326 1850 inter
341 1809 445 1851 omnes
461 1792 568 1854 nobilis
581 1795 681 1867 ictum,
699 1814 754 1856 nec
769 1797 858 1856 tinem
873 1805 941 1856 ante
956 1796 1025 1857 belli
1042 1796 1207 1866 habituros,
1275 1801 1276 1852 l

247 1892 336 1953 quam
357 1873 507 1936 consulem
529 1895 596 1937 vere
615 1878 777 1957 plebeium,
805 1878 836 1939 id
860 1890 905 1940 est
922 1881 1072 1940 bominem
1086 1898 1205 1950 novrum,

218 1956 398 2019 stererant:
419 1976 488 2021 nam
507 1960 639 2039 plebeios
659 1961 772 2023 nobiles
792 1964 850 2022 iam
869 1962 980 2024 eisdem
995 1964 1124 2023 initiatos
1140 1981 1204 2024 esse

246 2043 339 2102 sacris
363 2052 393 2103 et
412 2051 602 2105 contemnere
622 2043 753 2123 plebem,
777 2063 812 2105 ex
829 2063 887 2125 quo
909 2048 1058 2106 contemni
1071 2046 1203 2124 patribus

221 2124 407 2200 edesierint,
429 2128 570 2206 coepisse.
605 2131 653 2189 cui
673 2146 733 2188 non
753 2126 814 2208 [id]
840 2146 983 2208 apparere
1003 2127 1034 2189 id
1057 2138 1201 2191 actumst
1275 2159 1276 2210 p

248 2213 411 2288 quaesitum
433 2228 513 2281 esse,
537 2218 569 2270 ut
593 2211 796 2289 interregnum
813 2212 953 2283 iniretur,
980 2220 1012 2273 ut
1032 2214 1064 2272 in
1084 2221 1198 2292 patrum
1275 2217 1276 2240 ¹

207 2296 240 2350 to
247 2301 391 2371 potestate
403 2295 520 2355 comitIa
534 2296 650 2355 essenti
679 2293 708 2353 id
723 2294 859 2354 eonsules
873 2294 975 2356 ambos
990 2295 1027 2356 ad
1041 2298 1197 2356 exereitum
1275 2309 1276 2376 p

247 2376 391 2438 morando
401 2378 562 2456 quaesisse;
577 2376 608 2437 id
622 2388 738 2457 postea,
755 2379 823 2456 quia
833 2379 931 2441 invitis
942 2380 978 2439 iis
990 2379 1115 2440 dictator
1126 2388 1198 2440 esset
1275 2401 1276 2428 ÷

248 2458 344 2521 dictus
358 2461 543 2521 comitiorum
569 2479 670 2532 causa,
695 2469 892 2539 expugnatum
918 2480 996 2533 esse,
1024 2470 1057 2523 ut
1084 2463 1196 2523 vitiosus
1275 2495 1276 2506 κ

208 2544 236 2598 tl
248 2542 373 2602 dictator
382 2560 438 2621 per
445 2560 571 2620 augures
580 2544 673 2605 deret.
693 2543 804 2604 habere
817 2545 907 2622 igitur
921 2546 1123 2624 interregnum
1133 2564 1195 2616 eos;
1275 2571 1276 2628 3

248 2624 430 2683 consulatum
448 2643 539 2684 unum
553 2636 633 2686 certe
645 2625 739 2706 plebis
756 2626 907 2688 Romanae
919 2646 999 2699 esse,
1017 2636 1047 2689 et
1061 2628 1195 2709 poprdum
1275 2631 1276 2654 ¹

246 2702 372 2763 liberum
396 2704 564 2766 habiturum
589 2725 624 2766 ae
653 2707 787 2769 daturum
810 2711 853 2780 ei,
880 2712 931 2790 qui
950 2718 1065 2773 mature
1085 2712 1195 2773 vincere
1273 2765 1274 2772 ,

247 2806 335 2867 quam
351 2787 401 2847 diu
415 2788 563 2866 imperare
577 2789 668 2852 malit.

222 2880 235 2930 1
309 2871 420 2933 XXXV.
452 2871 525 2933 Cum
538 2874 584 2935 bis
599 2875 781 2937 orationibus
795 2895 919 2939 accensa
934 2879 1018 2958 plebs
1036 2887 1126 2949 esset,
1146 2880 1194 2939 tri·

247 2956 303 3018 bus
316 2956 448 3035 patriciis
461 2957 645 3035 petentibus,
667 2960 699 3020 P.
719 2959 856 3021 Cornelio
879 2960 1021 3023 Merenda
1042 2962 1074 3023 L.
1095 2961 1194 3022 llanlio

219 3038 373 3101 evolsone
394 3040 433 3100 Μ.
453 3040 575 3101 Aemilio
599 3042 724 3121 Lepido,
746 3041 859 3105 duobus
877 3044 1026 3106 nobilibus
1044 3047 1103 3105 iam
1117 3045 1194 3105 iami-
1275 3073 1276 3124 j

247 3124 353 3183 liarum
370 3120 481 3201 plebei,
504 3124 535 3185 C.
552 3123 638 3184 Atilio
656 3125 784 3185 Serrano
801 3135 831 3187 et
846 3127 880 3198 Q.
898 3127 980 3189 delio
996 3129 1101 3199 Paeto,
1127 3146 1193 3208 quo·

246 3224 313 3267 rum
329 3205 403 3265 alter
416 3206 562 3284 pontifex,
579 3206 654 3267 alter
669 3226 763 3286 augur
780 3219 857 3280 erat,
879 3212 910 3273 C.
926 3213 1082 3272 Terentius
1099 3210 1193 3272 consul

247 3306 323 3349 unus
346 3296 476 3359 creatur,
500 3292 585 3352 utin
605 3309 694 3351 manu
716 3293 778 3351 eius
805 3301 904 3355 essent
930 3297 1049 3356 comitia
1069 3293 1192 3373 rogando

220 3370 397 3448 econlegae.
435 3380 497 3434 tum
527 3381 638 3453 aperta
658 3373 794 3436 nobilitas
811 3394 916 3454 parum
938 3377 1027 3439 luisse
1048 3377 1190 3439 virtumin

247 3453 480 3529 conpetitoribus
501 3457 578 3526 eius,
604 3456 637 3517 L.
659 3456 813 3520 Aemilium
833 3460 969 3532 Paulum,
997 3462 1047 3539 qui
1073 3479 1136 3522 cum
1156 3460 1190 3522 ll.
1275 3507 1276 3532 ,
