2575 4067
271 217 332 279 atu
374 193 377 198 ¹
440 228 534 270 crona
547 227 637 270 xxm.
653 226 723 269 oar.
737 214 837 270 27128,
852 205 893 287 [a.
908 229 938 268 n.
955 231 981 269 c.
995 211 1059 287 ⁶38}

242 387 367 455 tneque
383 385 548 444 castrorum
568 374 746 453 oppugnatio
762 371 856 434 iacills
871 383 948 444 erat,
973 373 1077 434 urbem
1093 378 1227 447 nscunn
1273 447 1274 454 ἵ

270 477 328 539 quo
346 458 413 519 duis
430 458 558 520 bostium
573 455 744 536 ingrediens
759 455 923 518 Hasdrubal
944 457 1126 518 trumentum
1148 476 1227 520 com·
1273 469 1274 538 i

270 549 441 622 meatusque
453 541 526 603 alios
541 546 730 610 convexerat,
747 539 905 619 vicapiunt
916 541 1054 619 omnique
1065 536 1146 602 circa
1158 559 1228 620 agro

270 626 438 705 potiuntur:
454 643 509 686 nec
532 626 590 685 lam
614 624 709 684 autin
730 623 847 700 agmine
861 631 911 683 aut
927 625 959 683 in
973 625 1077 684 castris
1093 623 1154 684 ullo
1171 628 1228 686 im·

244 709 355 788 aperio
366 710 521 770 contineri.
549 725 635 787 quam
649 705 700 767 ubi
711 704 927 783 neglegentiam
942 725 978 767 er
988 725 1030 777 re,
1046 714 1079 767 ut
1094 708 1134 777 iit,
1153 708 1228 769 bene
1273 713 1274 776 i

270 800 350 871 gesta
368 793 441 852 oriri
461 798 594 852 senserat
607 787 786 858 Hasdrubal,
803 789 973 851 cohortatus
988 789 1111 862 milites,
1128 800 1163 852 ut
1178 811 1227 872 pa·
1273 815 1274 820 ¹

268 873 342 937 latos
356 875 419 936 sine
430 876 521 955 siguis
534 874 634 936 hostes
650 872 890 954 adgrederentur,
906 873 1061 952 degressus
1071 873 1148 935 colle
1160 893 1227 954 per·

241 959 310 1037 agit
320 960 364 1018 ire
379 959 441 1019 acle
452 959 594 1019 instructa
605 957 641 1019 ad
654 963 759 1017 castra.
788 975 876 1036 quem
888 964 921 1017 ut
931 957 1033 1018 adesse
1049 957 1227 1021 tumultuose
1273 977 1274 1042 1

271 1042 366 1103 nuntii
387 1059 421 1103 ac
442 1042 622 1120 refugientes
639 1059 675 1101 ex
692 1038 819 1119 speculis
837 1040 1069 1121 stationibusque
1091 1041 1225 1114 attulere,
1273 1045 1274 1082 i

240 1124 400 1186 sadanma
417 1124 631 1186 conclamatum
652 1130 705 1185 est.
736 1125 905 1204 utquisque
920 1142 1002 1185 arma
1015 1132 1150 1202 ceperat,
1164 1127 1227 1186 sine
1273 1121 1274 1196 l

272 1209 410 1287 imperto,
432 1209 496 1270 sine
511 1210 610 1286 signo,
633 1208 824 1287 inconpositi,
847 1206 1008 1288 inordinati
1026 1208 1058 1268 iu
1079 1208 1224 1287 proelium

270 1298 368 1362 ruunt
406 1292 465 1354 iam
485 1292 573 1371 primi
596 1298 808 1352 conseruerant
827 1308 946 1362 manus,
968 1309 1035 1351 cum
1056 1290 1107 1351 alii
1129 1300 1225 1353 cater·
1273 1339 1274 1342 ,

242 1376 358 1436 tuatim
373 1375 543 1447 currerent,
568 1374 617 1436 alii
637 1374 768 1435 nondum
790 1391 806 1434 e
828 1376 931 1436 castris
952 1375 1089 1435 exissent.
1126 1383 1225 1437 tamm

271 1459 368 1536 primo
383 1460 446 1538 ipsa
462 1458 583 1521 audacia
598 1466 732 1519 terruere
750 1457 880 1526 hostem;
903 1457 1010 1518 deinde
1025 1458 1085 1518 rari
1107 1459 1139 1519 in
1157 1477 1225 1520 con·
1273 1471 1274 1540 3

270 1540 363 1602 iertos
376 1540 472 1613 inlati,
489 1560 555 1603 cunr
566 1543 697 1621 paucitas
711 1558 815 1620 parum
830 1547 892 1603 tuta
904 1547 995 1611 esset,
1012 1542 1165 1620 respicere
1179 1542 1225 1605 alii
1273 1557 1274 1614 ξ

244 1622 342 1684 talios
364 1632 393 1685 et
414 1625 544 1704 undiquc
565 1623 642 1704 pulsi
662 1626 743 1684 coire
763 1625 794 1684 in
815 1623 932 1695 orbem,
956 1632 986 1684 et
1006 1623 1074 1685 dum
1094 1642 1225 1702 corpora
1273 1625 1274 1708 p

226 1710 229 1715 '
271 1705 446 1786 corporibus
469 1705 618 1786 applicant
637 1724 777 1787 armaque
798 1708 888 1769 armis
908 1710 1046 1786 iungunt,
1074 1709 1107 1769 in
1127 1718 1224 1770 artum
1273 1731 1274 1790 4

273 1787 420 1868 conpulsi,
445 1806 513 1850 cum
529 1791 575 1850 vix
593 1791 745 1851 movendis
764 1791 854 1850 armis
876 1794 945 1853 satis
960 1792 1046 1871 spatii
1064 1800 1158 1863 esset,
1178 1810 1223 1853 co·
1273 1851 1274 1858 ,

244 1878 344 1933 arona
365 1872 494 1934 hostium
514 1874 602 1934 cincti
623 1873 661 1934 ad
687 1872 812 1935 multum
832 1872 890 1934 diei
914 1874 1091 1944 caeduntur;
1120 1878 1226 1955 exigua
1273 1887 1274 1948 t

271 1972 340 2034 pars
355 1958 509 2037 eruptione
530 1956 605 2040 lacta
626 1956 712 2017 silvas
729 1975 764 2018 ac
780 1958 888 2018 montis
902 1959 985 2037 petit.
1022 1960 1149 2041 parique
1168 1967 1225 2019 ter·
1273 1951 1274 1986 ³

272 2054 341 2099 rore
357 2047 386 2100 ct
406 2047 501 2118 castra
521 2048 589 2102 sunt
612 2040 728 2102 deserta
751 2048 780 2101 et
795 2042 932 2102 universa
948 2059 1020 2121 gens
1042 2051 1164 2121 postero
1181 2042 1227 2104 die
1273 2071 1274 2112 ς

271 2124 302 2184 in
318 2123 496 2185 deditionem
510 2126 597 2185 venit.
1273 2141 1274 2200 t

243 2212 260 2263 ti
335 2207 396 2269 Nec
413 2207 463 2268 diu
476 2208 508 2269 in
523 2214 608 2285 pacto
624 2208 747 2269 mansit:
769 2211 838 2268 narn
852 2207 977 2288 subinde
994 2208 1031 2269 ab
1050 2208 1228 2288 Cartbagine
1273 2221 1274 2232 ¹

272 2289 401 2351 adlatum
416 2298 471 2362 est,
495 2297 527 2351 ut
540 2290 704 2352 Hasdrubal
726 2291 821 2369 primo
843 2310 959 2371 quoque
976 2301 1109 2371 tempore
1124 2294 1156 2353 in
1172 2293 1225 2354 liae

272 2371 341 2433 liam
356 2376 517 2434 exercitum
535 2374 669 2443 duceret,
695 2391 770 2453 quae
790 2374 904 2453 volgata
921 2392 969 2435 res
985 2393 1040 2455 per
1056 2375 1227 2455 Hispaniam

233 2461 264 2513 ιο
274 2457 405 2516 omnium
425 2457 519 2518 lerme
538 2458 651 2519 animos
671 2457 707 2517 ad
723 2457 877 2519 Romanos·
892 2461 1005 2520 avertit.
1040 2460 1139 2538 itaque
1156 2460 1227 2521 llas·
1273 2449 1274 2508 l

273 2538 376 2599 drubal
402 2539 554 2619 extemplo
584 2540 696 2602 litteras
728 2541 933 2619 Carthaginem
964 2543 1053 2602 mittit
1082 2542 1225 2612 indicans,
1273 2543 1274 2596 l

272 2628 381 2697 quanto
398 2623 475 2682 lama
485 2622 676 2701 profectionis
690 2641 760 2684 suae
773 2623 880 2685 damno
895 2624 1011 2694 inisset;
1029 2626 1054 2685 si
1071 2642 1143 2686 vero
1159 2626 1226 2687 inde
1273 2629 1274 2708 l

271 2712 424 2779 pergeret,
443 2705 613 2782 priusquam
628 2705 771 2766 Hiberum
787 2708 939 2777 transiret,
959 2708 1164 2771 Romanorum
1179 2710 1227 2771 lli·
1273 2715 1274 2748 ³

231 2790 261 2843 11
273 2785 404 2863 spaniam
422 2786 499 2848 iore:
517 2804 584 2847 narn
595 2796 802 2869 praeterquam
814 2790 892 2870 quod
907 2809 963 2852 nec
976 2791 1158 2870 praesidium
1174 2810 1227 2854 neo

197 2897 201 2906 ·
273 2868 376 2929 ducem
391 2869 528 2941 haberet,
546 2890 634 2950 quem
649 2872 830 2953 reimqueret
839 2890 895 2952 pro
909 2892 955 2946 se,
972 2892 1023 2936 eos
1033 2877 1229 2954 imperatores

272 2971 337 3014 esse
358 2953 522 3026 Romanos,
543 2954 714 3035 quibusvis
739 2958 840 3036 aequis
867 2956 977 3019 viribus
1000 2959 1098 3019 resisti
1122 2961 1226 3039 possit:
1273 2967 1274 3034 t

233 3042 263 3095 ta
275 3038 373 3116 itaque
390 3040 415 3098 si
428 3037 486 3099 ulla
507 3038 664 3117 Hispaniae
680 3058 751 3102 cura
768 3048 1065 3107 esset‚successorem
1084 3041 1142 3103 sibi
1163 3060 1230 3104 cum
1273 3037 1274 3068 ¹

272 3118 366 3180 valido
376 3123 506 3183 exercitu
516 3123 681 3192 mitterent,
696 3125 744 3184 cui
758 3130 791 3184 at
801 3125 899 3185 omnia
910 3141 1054 3205 prospere
1064 3128 1228 3193 evenirent,

245 3210 330 3263 tnon
348 3212 446 3266 tamen
462 3207 584 3266 otiosam
601 3207 784 3285 provinciam
798 3206 871 3267 iore.
916 3208 1041 3269 XXVlH.
1075 3208 1135 3269 Eae
1152 3208 1228 3269 litte·

264 3283 316 3350 rae
331 3305 508 3368 quamquam
519 3290 617 3366 primo
625 3289 784 3350 admodum
795 3298 952 3352 moverunt
962 3289 1108 3365 senatum,
1124 3305 1235 3369 umen,
1273 3325 1274 3340 π

263 3376 333 3452 quia
348 3372 448 3433 ltaliae
464 3389 536 3432 cura
545 3372 633 3451 prior
645 3375 803 3452 potiorque
817 3383 890 3443 erat,
908 3374 984 3435 nibil
1000 3376 1036 3437 de
1048 3376 1232 3441 Hasdrubale
1273 3431 1274 3442 ,

235 3463 367 3529 tneque
376 3456 412 3515 de
427 3457 524 3532 copiis
539 3458 605 3516 eius
620 3464 765 3518 mutatum
787 3465 846 3525 est;
869 3456 998 3520 Himilco
1013 3478 1081 3522 cum
1096 3466 1231 3524 exercitu
1273 3453 1274 3544 l
