2575 4067
355 249 448 291 nmnn
461 250 492 292 x.
507 247 575 292 cir.
592 239 617 292 7.
631 236 658 291 8.
675 226 714 310 [n.
731 229 765 293 0.
781 229 842 310 ³00]
1011 235 1070 298 15⁶

113 395 303 466 ascenderit,
319 393 415 455 bnon
427 395 621 471 conspicietur
634 412 701 456 cum
712 392 813 474 capide
824 411 858 454 ac
872 392 959 464 lituo.
977 395 1071 474 capito

112 478 211 541 velato
229 478 377 538 victimam
392 475 494 537 caedet
508 478 695 556 auguriumve
709 494 745 538 ex
761 493 828 537 arce
843 477 954 555 cepisti
986 478 1068 539 culus
1081 482 1109 535 ιι

112 562 258 639 imaginis
272 556 355 620 titulo
372 557 537 619 consulatus
551 576 731 639 censuraque
747 566 777 619 et
799 558 963 638 triumphus
978 576 1070 639 aequo

111 645 218 704 animo
235 641 365 720 legetur,
385 642 595 720 slauguratum
613 648 664 702 aut
680 642 878 720 pontificatum
896 640 1068 710 adieceritis.

110 728 164 804 qui
186 723 379 787 sustinebunt
404 723 561 801 legentium
579 723 672 785 ocull
703 722 836 803 equidem
848 739 974 802 -pace
988 721 1067 782 dixe·
1080 731 1109 785 it

111 810 171 867 rim
194 807 288 869 deum
303 838 346 853 -
363 823 413 867 eos
434 822 488 866 nos
506 807 564 867 lam
583 804 684 886 populi
698 804 822 867 iicmanl
840 804 982 866 beneflcio
1004 820 1068 865 esso

111 906 224 1032 iit
237 888 703 1032 illeiislltiiilil
713 886 1070 1048 iiiffimltiili

112 1061 223 1114 nostra
246 988 529 1133 causae'xffins,
551 989 597 1124 εἰ,
620 1016 696 1132 quos
709 1053 843 1132 privatim
857 1049 993 1122 colimus,
1016 1068 1069 1130 pu·

113 1132 195 1196 ilice
213 1134 377 1197 colamus.“

3 1251 4 1256 κ
178 1217 256 1279 vili.
284 1263 302 1288 „
310 1216 386 1289 Quid
396 1223 493 1279 autem
505 1234 558 1295 epo
569 1219 612 1278 sic
621 1216 716 1279 adhuc
728 1218 788 1295 egi,
799 1224 946 1296 tamquam
956 1217 1096 1294 integral

112 1300 152 1360 sit
175 1317 269 1362 causa
288 1301 478 1378 patriciorum
501 1299 537 1360 de
557 1298 726 1361 sacerdotiis
745 1306 774 1359 et
793 1315 853 1360 non
872 1300 930 1360 lam
954 1300 986 1359 ln
1003 1315 1071 1377 pos·

113 1385 253 1444 sessione
277 1382 364 1444 unius
384 1381 553 1461 tmplisslml
571 1383 662 1444 slmus
680 1381 853 1444 sacerdotiil
887 1380 1093 1443 dcccmvlrnst

113 1467 214 1526 sacris
238 1463 392 1534 faciundis,
422 1466 584 1526 carminum
609 1463 735 1544 Sibyllae
761 1483 795 1527 ac
818 1464 944 1526 fatorum
969 1462 1069 1544 popuii

114 1546 210 1609 imus
227 1548 417 1625 interpretes,
439 1549 580 1609 autlstites
597 1547 714 1609 eosdem
725 1546 898 1627 Apollinaris
917 1547 994 1608 sacri
1004 1563 1069 1607 coe·

116 1630 373 1708 simoniorumque
392 1628 513 1690 aliarum
535 1628 665 1710 plebeios
687 1630 825 1693 videmus.
860 1647 916 1692 nec
935 1636 985 1692 aut
1007 1637 1097 1692 tumn

3 1709 4 1714 ’
117 1712 255 1788 patriciis
268 1709 327 1773 ulla
340 1712 446 1772 iniuria
461 1711 537 1773 iacta
552 1720 608 1784 est,
624 1732 691 1776 cum
704 1714 831 1775 duoviris
844 1715 935 1776 sacris
957 1712 1069 1775 iaciun-

118 1792 165 1854 iis
176 1792 310 1855 adiectus
324 1801 369 1855 est
388 1801 508 1874 propter
523 1794 653 1876 plebeios
667 1815 820 1868 numerus,
841 1804 871 1858 et
884 1813 962 1858 nuno
977 1795 1068 1857 tribu·

117 1892 191 1948 nus,
214 1877 259 1935 vir
272 1875 355 1937 iorils
368 1894 402 1938 ac
417 1884 567 1947 strenuus,
591 1880 718 1963 quinquo
733 1897 875 1958 augurum
888 1878 965 1948 ioca,
987 1884 1069 1956 quat·

120 1966 190 2020 tuor
205 1959 375 2037 pontificum
390 1958 510 2030 adiecit,
530 1961 562 2020 ln
585 1977 660 2039 quae
675 1959 772 2038 plebel
788 1960 988 2031 nemiuentur,
1009 1968 1098 2020 noni

118 2047 153 2100 ut
173 2057 242 2109 vos,
266 2041 354 2119 lippi,
381 2048 476 2101 vestro
501 2040 565 2101 loco
584 2040 704 2120 pellant,
730 2041 782 2102 sed
798 2048 830 2102 ut
856 2040 991 2102 adiuvent
1019 2058 1069 2102 ros

119 2120 258 2183 homines
280 2121 376 2201 plebei
396 2123 499 2183 divinis
519 2140 634 2201 quoque
656 2122 745 2184 robus
768 2121 972 2200 procurandis,
996 2124 1071 2183 sicui

120 2204 152 2265 ln
175 2206 281 2265 ceteris
304 2206 438 2266 humanis
459 2222 513 2282 pro
533 2212 617 2284 parto
638 2203 713 2264 virili
735 2203 879 2265 adiuvant.
923 2201 984 2263 noll
1003 2214 1097 2264 cru-n

120 2284 261 2356 bescere,
283 2288 371 2366 Appi,
394 2285 534 2364 collegam
554 2286 768 2347 in'sacerdctic
786 2285 909 2356 habere,
930 2301 1017 2363 quem
1038 2286 1069 2346 ln

122 2367 1070 2514 innitimini?„ilifflllitiil‘iiii

122 2532 248 2593 dictator
267 2551 330 2592 osse
342 2469 444 2610 potes.g
459 2471 598 2595 Sabinulm
615 2471 769 2606 advciliuam,
787 2467 1096 2615 pringcipemepwbfflw

122 2618 176 2675 tati
189 2622 317 2685 vestrae,
340 2633 393 2676 sou
407 2615 516 2677 Attium
531 2616 666 2680 Clausum
685 2635 736 2679 seu
754 2618 827 2697 App.
840 2617 991 2681 Claudium
1006 2636 1068 2679 ma·

122 2696 224 2765 vultis,
246 2695 289 2756 illi
304 2698 414 2776 antiqui
427 2701 541 2776 patricii
557 2701 587 2760 in
608 2718 693 2761 suum
706 2718 862 2763 numerum
877 2707 1067 2781 acceperunt:

123 2797 161 2838 nc
170 2778 336 2849 fastidieris,
348 2796 402 2840 nos
411 2780 442 2840 in
453 2782 636 2842 sacerdotum
648 2801 802 2844 numerum
813 2785 956 2863 accipere.
979 2782 1096 2843 multat

122 2860 277 2921 nobiscum
287 2860 393 2922 decora
404 2862 575 2933 adiecimus,
593 2865 682 2923 immo
694 2867 791 2924 omnia
802 2864 918 2934 eadem,
935 2880 1008 2941 quac
1019 2878 1070 2921 vos

123 2941 267 3021 superbos
278 2942 425 3004 iecerunt:
447 2944 479 3006 L
497 2946 610 3006 Sextius
631 2945 744 3022 primus
758 2944 794 3003 de
808 2942 894 3022 plebe
911 2942 1098 3003 consulente

123 3026 231 3094 iactus,
258 3024 288 3086 C.
308 3026 436 3087 Licinius
457 3027 536 3088 Stolo
561 3030 674 3107 primus
699 3027 838 3104 magister
864 3025 1007 3104 equitum.
1037 3023 1067 3084 C.

122 3107 249 3167 Marcius
263 3106 377 3168 Rutilus
390 3109 501 3186 primus
518 3118 547 3169 et
561 3110 683 3170 dictator
698 3115 727 3169 et
742 3125 860 3179 censor,
882 3105 916 3177 Q.
930 3103 1069 3167 Publilius

123 3188 207 3249 Philo
228 3190 340 3269 primus
365 3190 491 3269 praetor.
529 3208 646 3268 semper
669 3191 724 3250 ista
749 3189 845 3250 audita
872 3195 939 3264 sunt
959 3186 1097 3257 cadomi

123 3289 214 3350 penes
235 3290 286 3331 vos
308 3273 435 3350 auspicia
459 3289 534 3343 esse,
558 3290 608 3331 vos
631 3270 709 3331 solos
730 3278 847 3349 gentem
867 3269 992 3339 habere,
1018 3287 1068 3331 vos

123 3351 201 3413 solos
224 3355 332 3414 iustum
358 3354 513 3433 imperium
538 3361 566 3415 et
592 3353 751 3432 auspicium
778 3353 856 3413 domi
875 3350 1066 3433 militiaeque:

124 3451 215 3514 neque
229 3435 324 3495 adhuc
338 3453 511 3514 prosperum
524 3434 670 3515 plebeium
686 3441 715 3495 et
727 3436 881 3514 patricium
897 3428 1065 3515 iuit‘porro·
1077 3441 1107 3494 it
