2575 4067
301 214 393 256 amun
407 215 498 255 xxrrr.
512 213 580 256 cnr.
597 203 640 256 24.
658 191 697 274 [a.
714 194 749 257 0.
766 191 828 275 216]
975 200 1037 261 343

76 365 131 461 tit.
143 362 317 441 comitiaque
333 359 430 429 edixit,
444 359 593 458 quibusL
610 341 777 421 Postumius
791 362 909 423 tertium
921 359 1036 433 absens,

78 446 134 526 qui
151 452 213 507 tum
229 444 351 506 Galliam
370 444 551 522 provinciam
562 441 728 513 obtinebat,
743 451 772 504 et
785 444 830 504 Τί.
846 444 1037 524 Sempronius

79 528 241 600 Gracchus,
257 528 380 608 quitum
394 527 534 604 magister
546 526 677 604 equitum
691 534 721 587 et
732 515 833 587 aedilis
844 526 953 588 curubs
964 536 1036 598 erat,

79 610 218 673 consules
229 619 410 672 crearentur
435 616 588 687 praetores
598 609 813 671 rndecreatrbi
824 608 1062 672 ValeriusLac·t

78 696 167 756 vinus
180 696 302 764 iterum,
327 695 381 772 dp.
404 691 540 754 Claudius
553 691 694 764 Pulcher,
717 693 752 764 0.
767 691 887 754 Fulvius
904 692 1036 764 Flaccus,

79 777 118 849 Q.
132 776 400 839 bluciusScaevola.
426 775 550 836 dictator
564 776 670 837 creatis
682 775 900 855 magtstratibus
906 776 1066 838 Teanumt

78 863 114 921 in
134 860 260 922 hiberna
281 859 317 920 ad
340 859 507 924 exercitum,
523 858 599 919 redit
619 859 723 921 relicto
743 861 885 939 magistro
908 860 1039 940 equitum

78 944 210 1012 Romae,
225 944 290 1022 qui,
314 961 381 1003 curn
401 950 469 1023 post
490 959 601 1021 paucos
617 941 680 1003 dies
695 944 898 1021 magistratum
912 943 1039 1004 luiturus

80 1034 176 1095 esset,
194 1025 231 1086 de
247 1025 424 1087 exercitibus
437 1024 600 1087 scr1bend1s
617 1026 870 1106 conparandisque
880 1028 912 1087 in
929 1042 1039 1088 annum

79 1117 183 1189 patres
199 1108 374 1171 consuleret

146 1193 218 1255 Cum
236 1211 287 1253 eae
301 1209 350 1252 res
363 1194 489 1254 maxime
500 1199 674 1271 agerentur,
692 1210 766 1253 nova
782 1191 882 1254 clades
897 1193 1038 1264 nuntiata,
1049 1200 1068 1253 o

81 1275 171 1338 aliam
184 1293 274 1355 super
289 1274 375 1335 aliam
392 1273 587 1336 cumulante
578 1293 610 1335 ru
631 1293 699 1336 eum
719 1292 829 1336 annum
847 1269 981 1346 fortuna,
1005 1275 1039 1338 L.

80 1358 265 1421 Postumium
288 1357 439 1419 consulem
464 1357 675 1436 designatum
667 1376 699 1419 m
721 1357 814 1420 Gabia
834 1360 931 1439 ipsum
952 1366 1040 1439 atque

80 1446 245 1504 exercitum
262 1440 383 1503 deletos.
416 1440 486 1503 silva
505 1449 569 1503 erat
582 1450 719 1503 rasta—
743 1442 877 1508 Litanam
895 1441 971 1504 Galli
988 1460 1039 1504 ro·
1049 1452 1067 1501 ι

79 1525 245 1587 cabant-
255 1542 345 1603 ,qua
363 1526 525 1586 exercitum
546 1524 735 1587 traducturus
756 1535 828 1586 erat.
868 1528 931 1587 eius
951 1524 1040 1587 silvae

80 1602 186 1670 deutra
207 1606 347 1688 laevaque
366 1610 444 1670 circa
458 1610 541 1669 dam
562 1607 638 1669 Galli
659 1607 782 1670 arbores
801 1610 841 1670 ita
862 1609 1039 1680 inciderunt,

78 1700 115 1755 ut
139 1694 268 1753 inmotae
290 1699 420 1762 starent,
449 1699 599 1753 momento
621 1690 679 1752 levi
702 1691 835 1773 inpulsae
859 1693 1039 1755 occiderent

78 1775 215 1854 legiones
229 1773 301 1834 duas
315 1774 462 1835 Romanas
484 1772 611 1836 habebat
626 1774 794 1838 Postumius
814 1778 985 1876 sociumque
1002 1776 1068 1839 abs

79 1876 191 1938 supero
205 1859 281 1918 mari
295 1866 409 1917 tantum
424 1858 654 1936 conscripserat,
672 1868 704 1919 ut
725 1860 827 1936 dgintl
843 1863 972 1939 qrdnque
985 1862 1040 1921 ml·

78 1940 122 2004 lia
145 1948 325 2002 armatorum
348 1941 380 2000 in
411 1956 498 2017 agros
517 1940 645 1999 bostium
664 1941 822 2001 induxerit.
859 1941 934 2002 Gabi
956 1949 1066 2003 oramtt

80 2036 234 2088 extremae
249 2023 339 2086 silvae
347 2041 422 2084 cum
439 2021 710 2092 circumsedissent,
730 2021 782 2083 ubi
801 2024 920 2083 intravit
933 2041 1040 2102 agmen

80 2109 205 2179 saltum,
219 2115 282 2169 tum
293 2115 439 2169 extremas
450 2105 590 2167 arborum
604 2107 786 2166 succisarum
796 2104 951 2185 inpessunt.
966 2124 1042 2185 quae
1141 2169 1144 2174 ,

81 2192 142 2254 alia
156 2194 186 2251 iu
203 2190 290 2252 adam
307 2190 474 2252 instabilem
498 2207 554 2269 per
576 2207 608 2250 so
629 2206 664 2250 ac
684 2187 761 2250 male
778 2189 951 2249 haerentem
967 2190 1041 2250 inci·

83 2276 190 2337 dentes
204 2276 324 2354 ancipiti
339 2282 438 2353 strage
453 2291 535 2334 arma
552 2274 631 2334 viros
647 2288 737 2351 equos
754 2270 932 2342 obruerunt,
949 2279 981 2334 ut
994 2273 1042 2333 ιίι

82 2360 187 2421 decern
202 2358 337 2419 homines
351 2358 524 2436 effugerent,
557 2374 626 2418 nam
641 2373 709 2416 curu
728 2355 886 2417 exanimati
904 2354 1039 2436 plerique
1050 2364 1083 2416 ιο

83 2451 184 2504 essem
198 2439 337 2502 arborum
354 2441 467 2501 uuncis
480 2440 712 2518 fragmentisque
726 2456 893 2509 ramorum,
909 2447 1040 2501 ceteram

82 2517 301 2587 multitudinem
316 2525 467 2604 inopinato
483 2521 561 2584 malo
581 2522 727 2603 trepidam
743 2520 832 2593 Galli,
854 2520 961 2584 saltum
979 2541 1042 2588 om·

84 2619 153 2670 nem
175 2609 281 2669 murati
300 2607 563 2677 circumsedentes,
585 2605 800 2668 interfecerunt
816 2607 917 2687 paucis
932 2614 1070 2671 otamo

84 2709 209 2753 nmuero
225 2693 326 2771 captis,
345 2694 426 2773 quip
407 2702 527 2772 pontem
540 2690 670 2753 iluminis
682 2698 825 2769 petentes,
842 2689 962 2753 obsesso
974 2700 1043 2753 ants

85 2775 122 2835 ab
133 2773 266 2834 hostibus
279 2786 383 2852 ponte,
399 2775 551 2836 interclusi
564 2781 641 2836 sunt
671 2773 713 2834 ibi
722 2775 889 2837 Postumius
904 2778 985 2836 omni
1000 2776 1037 2844 vi,
1051 2780 1080 2833 lt

86 2874 124 2915 ne
139 2864 309 2934 caperetur,
330 2858 473 2917 dimicans
495 2855 641 2917 occubuit.
673 2855 767 2934 spolia
787 2859 921 2936 corporis
941 2866 1041 2933 caput·

86 2955 144 3019 que
159 2939 324 3017 praecisum
346 2939 428 3010 ducis
445 2939 499 3000 Boi
513 2948 634 2998 orantes
648 2936 774 3016 templo,
795 2937 874 3016 quod
893 2940 1041 2999 sanctissi-

85 3040 166 3083 mum
182 3031 227 3081 est
240 3021 318 3099 apud
332 3039 397 3090 eos,
413 3021 549 3083 intruere.
576 3026 702 3100 purgato
716 3019 786 3079 inde
801 3021 908 3097 capite,
930 3029 964 3081 ut
977 3038 1041 3083 mos
1051 3028 1084 3078 ιι

85 3108 121 3168 iis
136 3115 194 3173 est,
211 3101 321 3166 calvam
338 3122 410 3167 auro
424 3104 587 3174 caelavere,
607 3103 695 3182 idque
715 3121 832 3164 sacrum
853 3119 904 3164 vas
916 3104 953 3164 iis
970 3113 1042 3175 erat,

86 3208 144 3271 quo
164 3187 346 3250 solemnibus
364 3188 504 3254 libarent,
529 3186 726 3265 poculumque
746 3187 826 3248 idem
839 3185 1043 3248 sacerdotibus

77 3280 171 3364 [esse]
195 3298 229 3341 ac
244 3282 348 3360 templi
363 3277 554 3340 antistitibus.
593 3277 703 3357 praeda
719 3296 839 3359 quoque
851 3277 933 3339 baud
948 3277 1047 3337 minor
1057 3283 1088 3333 ts

77 3366 168 3428 Gallis
183 3383 272 3445 quarn
287 3365 411 3425 victoria
426 3363 498 3431 luit;
515 3380 584 3423 narn
601 3364 657 3423 etsi
673 3379 779 3440 magna
790 3380 860 3442 pars
875 3360 1048 3423 animalium

78 3461 176 3529 strage
192 3449 282 3511 silvae
298 3466 438 3530 oppressa
454 3455 531 3518 erat,
547 3455 647 3507 umen
662 3457 781 3524 ceterae
797 3465 861 3516 res,
883 3448 953 3526 quia
968 3445 1045 3510 nihil
