2575 4067
300 217 396 261 smne
408 197 730 281 xx1.ose.30.3l.[e.
747 199 857 282 0.218]
998 204 1060 268 229
1178 259 1181 265 .

91 365 284 431 obsedissent
302 363 383 427 velut
401 363 564 427 obnexum
583 363 640 427 sibl
660 364 728 426 dedi
751 365 913 442 postularet
932 366 1059 448 populus

92 452 261 520 Romanus,
276 447 421 511 lliberum
435 450 588 511 uueeuse
601 447 639 509 au
654 447 812 511 delendum
826 466 937 511 nemen
951 450 1059 516 Reme·

90 552 204 597 norrrm
215 531 461 613 humanumque
470 532 575 595 orbem
585 539 743 593 terrarum.
769 539 832 594 tum
844 533 956 594 nemini
966 534 1087 596 mermi

89 618 124 679 id
145 616 283 697 longam,
305 633 373 678 eum
397 614 434 677 nb
456 632 563 678 oeeasu
581 613 652 677 solis
672 616 710 677 ed
729 623 849 678 exertus
871 615 1061 679 intenderent

90 704 168 764 iter:
194 716 288 771 nune,
320 706 477 780 postqmm
507 699 599 762 multo
625 701 769 761 malorem
800 708 915 779 portem
947 700 1087 761 iunerhs

90 800 249 848 emensam
267 791 406 853 cernant,
430 783 614 863 Pyrenaeum
632 781 740 845 saltum
762 785 841 845 inter
861 783 1059 846 ierodsdmm

91 877 201 949 gentes
212 874 391 947 superatum,
406 866 596 938 Rhodanum,
612 874 726 929 tentum
738 884 871 940 amnem,
887 874 931 929 tot
940 865 1059 929 milibus

92 951 249 1014 Gallorum
279 949 504 1031 prohibentibus
525 950 635 1012 domita
662 953 750 1014 etiam
771 952 864 1032 ipsius
883 949 1059 1012 duminisrl

91 1035 267 1103 traiectum,
291 1034 323 1094 in
344 1041 506 1115 eonspeetu
519 1033 600 1114 Alpis
619 1032 761 1106 habeant,
788 1051 912 1115 querum
933 1032 1058 1096 elterrun

92 1116 174 1182 latus
200 1114 299 1179 ltallne
324 1118 378 1187 sit,
406 1120 438 1179 in
456 1118 527 1197 ipsis
555 1118 650 1195 pertis
671 1118 799 1179 hostium
824 1117 960 1196 letigutes
985 1115 1057 1179 sub·

91 1204 210 1273 sistere,
226 1233 270 1246 -
285 1201 355 1281 qnid
368 1199 449 1282 Alpis
467 1201 624 1263 aliudesse
639 1200 795 1263 eredentes
811 1218 900 1282 quam
914 1201 1087 1262 mentiume

91 1285 282 1349 altitudinesi
302 1285 449 1364 fingerent
467 1284 585 1347 altiores
599 1285 744 1365 Pyrenaei
764 1287 854 1364 iugis:
879 1283 974 1347 nuiias
988 1292 1085 1365 pro-t

92 1370 282 1433 lectotenus
293 1367 407 1430 eeehrm
420 1368 592 1447 contingere
602 1386 660 1430 nee
669 1367 914 1448 inexsuperabilis
925 1368 1057 1430 humano

92 1455 200 1534 generi
212 1471 292 1515 esse:
304 1450 385 1532 Alpis
397 1452 515 1533 quidem
526 1452 661 1524 habitari,
674 1451 732 1514 ooli
741 1453 865 1531 gignere
877 1458 964 1533 atque
976 1449 1057 1513 alere

92 1537 398 1616 animantes;perrias
403 1538 505 1616 paneis
513 1554 585 1607 esse,
588 1534 1087 1615 peuhsexemiubuseosipsaee

92 1639 170 1701 quos
182 1627 314 1691 cernant
328 1618 441 1698 legates
451 1637 511 1682 non
521 1619 758 1701 pinnislsubllme
770 1618 861 1682 eletos
870 1617 951 1699 Alpis
961 1625 1058 1679 hens-

92 1719 226 1782 gressos.
251 1720 289 1763 ne
301 1705 430 1765 maiores
443 1702 562 1784 quidem
572 1721 676 1765 eorum
686 1703 849 1783 indigeres,
866 1702 918 1765 sed
931 1700 1057 1764 advenas

93 1786 199 1849 italiae
213 1784 340 1848 cultores
354 1786 407 1848 bas
420 1787 498 1866 ipsas
512 1785 592 1866 Alpis
605 1786 774 1866 ingentibus
788 1805 877 1868 saepe
891 1784 1057 1866 agminibus

93 1889 165 1934 eum
180 1867 281 1931 liberis
296 1887 331 1931 ae
343 1868 519 1948 coniugibus
534 1870 724 1947 migrantium
738 1870 826 1931 mode
841 1876 904 1932 tuto
919 1870 1057 1932 transmi-

92 1957 180 2016 sisse.
202 1952 531 2034 militiquidemernrato
543 1951 616 2013 nihil
623 1970 724 2014 seeum
731 1960 849 2032 praeter
861 1953 1085 2013 instrumentet

93 2037 167 2101 belli
183 2039 313 2118 portanti
324 2036 395 2117 quid
408 2037 519 2097 invium
531 2042 581 2096 aut
594 2033 831 2114 inexsuperabile
842 2034 925 2096 eaesi
943 2034 1057 2112 Segun-

96 2131 162 2185 tum
177 2130 211 2184 ut
226 2128 397 2201 caperetur,
412 2118 481 2200 quid
495 2136 549 2199 per
563 2126 629 2179 ecto
644 2136 761 2180 menses
774 2115 911 2197 periculi,
927 2115 999 2195 quid
1014 2114 1056 2177 le·

93 2205 178 2268 beris
199 2204 372 2267 exhaustum
396 2204 477 2265 essai
514 2201 653 2273 Romam,
684 2209 771 2281 eaput
793 2198 873 2261 orbis
896 2205 1053 2268 terrm,
1066 2204 1100 2258 1⁰

94 2288 266 2370 petentibus
279 2287 437 2369 quiequam
458 2286 531 2348 adeo
545 2303 683 2365 asperum
701 2293 788 2365 etque
810 2282 935 2345 arduum
952 2279 1055 2351 rideri,

96 2372 178 2452 quod
189 2373 339 2452 inceptum
351 2371 504 2432 moretur?
518 2370 632 2449 cepisse
646 2368 794 2448 quendam
810 2364 907 2429 Gades
922 2383 965 2436 ea,
981 2381 1056 2444 quae
1065 2370 1096 2424 tr

96 2455 173 2516 adiri
187 2474 274 2537 posse
288 2456 405 2517 Poenus
418 2453 572 2534 desperet:
595 2453 722 2533 preinde
736 2458 787 2514 aut
801 2448 943 2512 oederent
957 2449 1056 2511 animo

97 2547 185 2619 atque
201 2541 307 2602 virtute
328 2540 409 2618 genti
422 2557 476 2620 per
494 2556 545 2600 eos
563 2537 626 2599 dles
645 2539 754 2598 totiens
776 2533 813 2596 eb
829 2552 861 2596 se
881 2535 989 2604 datae,
1007 2540 1058 2594 aut

96 2624 211 2686 itineris
233 2625 322 2685 finem
348 2630 470 2704 sperent
495 2639 632 2703 eampum
655 2622 878 2683 interiacentem
897 2616 999 2681 Tiberi
1021 2633 1057 2678 ae

97 2707 252 2768 moenibus
267 2706 416 2769 Romanis.

162 2789 264 2849 XXXl.
295 2788 348 2849 llis
367 2787 620 2851 adhortationibus
644 2789 781 2848 incitatos
801 2803 927 2865 corpora
952 2787 1084 2844 curaret

100 2877 188 2947 etque
201 2870 239 2929 ad
259 2872 316 2930 lter
332 2888 364 2930 se
384 2891 489 2952 parare
508 2872 600 2934 lubet.
633 2876 752 2949 pestere
776 2867 824 2929 dle
840 2867 993 2945 proiectus
1007 2863 1086 2925 ad-2

100 2968 185 3012 versa
207 2953 272 3031 ripa
286 2952 423 3014 Rhodani
445 2955 661 3018 mediterranea
676 2949 787 3013 Galliae
805 2950 892 3028 petit,
913 2964 974 3008 non
989 2946 1056 3026 quia

100 3036 211 3096 rectior
227 3034 263 3096 ad
277 3032 358 3114 Alpis
374 3037 418 3097 via
431 3045 521 3107 esset,
535 3037 589 3099 sed
603 3042 744 3118 quantum
759 3051 776 3095 a
791 3032 867 3095 mari
877 3030 1055 3099 recessisset,

101 3120 198 3181 minus
212 3118 331 3180 obvium
352 3118 416 3180 iere
430 3120 595 3180 Romanum
615 3119 755 3189 eredens,
780 3134 847 3178 eum
864 3133 937 3195 que,
958 3113 1083 3192 prius-3

101 3221 189 3282 quam
203 3205 234 3265 ln
252 3201 365 3265 ltaliam
376 3211 496 3265 ventum
518 3203 609 3273 ieret,
630 3221 690 3263 non
705 3208 768 3262 erat
785 3201 818 3260 ln
832 3199 931 3259 animo
953 3213 1058 3258 manus

101 3304 269 3350 conserere.
301 3289 413 3367 quartis
437 3288 542 3350 castris
557 3285 594 3347 ad
607 3285 735 3347 Insulam
748 3283 891 3363 pervenit.
922 3279 1086 3342 illiserat

102 3369 320 3452 Rhodanusque
335 3389 436 3434 amnes
456 3371 578 3433 dirersis
601 3390 636 3432 ex
652 3368 773 3449 Alpibus
788 3367 979 3429 decurrentes
994 3363 1058 3441 agri

101 3453 281 3536 aliquantum
305 3456 430 3539 amplexi
453 3454 606 3517 confluunt
628 3457 659 3516 in
680 3470 788 3524 unum;
816 3449 922 3514 mediis
947 3447 1057 3527 eampis
