2575 4067
317 251 549 298 ennemase.
566 230 847 319 ia.1a.[eo.cco]
997 241 1058 306 107

104 403 183 465 iuriis
204 408 235 463 et
256 400 323 463 odio
339 420 427 482 quam
446 400 590 463 benedcic
612 398 673 463 ulio
692 399 793 484 popuii
813 402 948 466 Romani.
990 410 1086 465 namt

104 487 249 549 Samnites
274 503 308 547 ea
327 492 501 567 tempestate
525 486 558 547 in
578 485 728 548 montibus
754 487 868 549 vicatim
894 486 1059 550 habitantes

102 570 278 649 campestria
292 578 322 631 et
338 570 484 631 maritima
501 567 567 630 ioca
578 576 747 650 contempto
764 570 910 633 cultorum
924 569 1059 632 molliore

102 662 199 735 atque,
215 661 253 715 ut
266 655 362 715 evenit
375 652 454 725 iere,
475 651 547 714 locis
563 652 651 714 simili
672 671 782 733 genere
796 655 853 734 ipsi
868 654 1000 717 monmnl
1015 663 1059 715 at·

100 754 156 816 que
172 744 308 817 agrestes
323 735 585 818 depopulabantur.
619 755 694 819 quae
708 739 792 818 regio
806 739 832 799 si
846 738 905 800 iida
920 737 1087 800 Samniti-e

100 819 153 883 bus
172 820 294 893 fuisset,
318 828 368 883 aut
383 821 538 901 pervenire
556 822 652 902 drpos
673 824 819 885 exercitus
832 821 982 884 Romanus
1006 838 1058 882 ne·

100 907 227 985 qmsset,
246 912 296 967 aut
316 906 469 966 interiecta
489 905 568 967 inter
580 905 704 968 Romam
720 914 749 968 et
764 907 860 989 iirpos
872 906 997 986 penuria
1010 923 1058 966 re·

100 1006 164 1050 rum
180 990 317 1051 omniurn
333 987 467 1050 exclusos
486 1004 503 1050 a
518 990 729 1052 commeatibus
743 991 961 1070 absumpsisset.
994 993 1085 1050 tuma

100 1090 216 1154 quoque
232 1073 382 1153 proiectos
395 1072 465 1134 inde
480 1072 518 1133 ad
534 1073 703 1145 Luceriam,
725 1074 806 1137 iuxta
821 1074 990 1137 obsidentes
1006 1070 1060 1133 ob·

100 1174 274 1238 sessosque,
289 1157 387 1237 inopia
397 1157 519 1219 vexarit.
545 1158 642 1218 omnia
654 1156 690 1218 ab
701 1158 788 1238 Arpis
799 1159 939 1220 Romanis
952 1174 1060 1236 suppe-

100 1240 281 1311 ditabantur,
297 1247 428 1302 ceterum
443 1239 517 1302 adeo
529 1242 643 1321 exigue,
659 1249 691 1303 ut
704 1241 790 1303 militi
804 1249 946 1322 occupato
959 1241 1059 1302 statio·

99 1324 184 1387 nibus
196 1324 364 1405 vigiliisque
379 1331 409 1386 et
423 1341 513 1404 opere
525 1342 616 1405 eques
630 1323 766 1386 folliculis
775 1327 806 1386 in
821 1333 916 1387 castra
928 1323 964 1386 ab
974 1324 1061 1405 Arpis

99 1407 283 1472 trumentum
297 1409 433 1479 veheret,
453 1408 602 1471 interdum
621 1426 745 1471 occursu
761 1409 888 1471 bestium
904 1415 1058 1487 cogeretur
1070 1413 1101 1466 lt

99 1491 213 1554 abiecto
232 1509 271 1553 cx
282 1509 358 1572 equo
374 1490 521 1553 frumento
536 1509 679 1572 pugnare.
713 1492 841 1556 obsessis
858 1494 956 1574 prius,
972 1509 1060 1573 quam

100 1573 171 1637 aiter
182 1574 288 1638 consul
298 1576 409 1636 victore
420 1576 550 1637 exercitu
560 1575 684 1648 advenit,
698 1584 728 1637 et
736 1584 916 1639 commeatus
927 1595 964 1639 ex
974 1593 1059 1637 mon·

100 1658 175 1720 tibus
191 1660 369 1723 Samnitium
383 1659 490 1720 invecti
500 1667 585 1720 arant
598 1658 744 1722 scansilia
758 1662 935 1724 incrchssa.
951 1663 1061 1722 artiora
1070 1664 1099 1718 11

101 1744 347 1806 omniaadventus
352 1741 553 1815 Publiliiiecii,
567 1743 1060 1825 quicbsidionedeiegataincuram

103 1824 235 1907 collegae
245 1844 335 1906 vagus
345 1843 400 1907 per
412 1844 499 1906 agros
514 1834 619 1889 cuncta
626 1828 732 1891 infesta
743 1829 952 1892 commeatibus
968 1829 1060 1890 hosti·

100 1911 284 1974 nmiecerat:
300 1911 399 1990 itaque
417 1926 485 1971 cum
497 1928 564 1991 spes
578 1909 656 1973 nubs
663 1919 741 1974 esset
747 1912 855 1975 diutim
864 1912 1000 1975 obsessos
1013 1914 1058 1973 in·
1071 1916 1103 1969 la

101 1994 196 2072 opiam
202 1994 325 2064 laturos,
339 1994 432 2056 coacti
438 1993 591 2066 Samnites,
605 1995 857 2074 qtdadLuceriam
865 2004 959 2058 castra
970 1994 1060 2057 habe·

103 2073 177 2149 bant,
183 2079 317 2156 undique
328 2078 485 2139 contractis
495 2077 606 2139 viribus
616 2078 699 2152 signa
712 2096 779 2141 cum
786 2080 902 2154 Papirio
914 2079 1059 2141 conferre.

165 2162 243 2225 XlV.
276 2163 333 2223 Per
346 2162 378 2223 id
391 2171 507 2241 tempus
528 2162 701 2241 parantibus
715 2165 848 2242 utrisque
870 2179 902 2223 se
924 2162 961 2222 ad
976 2173 1091 2241 prce-1

105 2242 173 2306 lium
195 2247 286 2325 legati
300 2246 453 2307 Tarentini
473 2246 673 2307 interveniunt
693 2246 901 2307 denuntiantes
923 2244 1063 2306 Samniti·

107 2325 161 2388 bus
173 2330 389 2406 Romanisque,
411 2328 568 2391 utbeilum
590 2331 776 2397 omitterent:
797 2346 851 2409 per
865 2335 950 2389 utros
965 2328 1062 2389 stetis·

107 2419 162 2483 set,
185 2432 244 2492 qno
266 2416 365 2474 minus
387 2413 588 2476 discederetur
609 2412 645 2475 ab
668 2414 770 2483 armis,
793 2413 933 2475 adversus
956 2428 1007 2472 ees
1029 2429 1062 2471 se

106 2510 159 2571 pro
172 2496 275 2559 alteris
288 2503 479 2577 pugnaturos.
507 2514 543 2558 ea
561 2497 708 2576 legatione
723 2498 858 2581 Papirius
879 2496 979 2559 audita
994 2500 1092 2576 per-t

106 2577 173 2640 inde
198 2598 235 2642 ac
261 2586 358 2642 motus
383 2577 467 2641 dictis
492 2598 596 2642 eorum
620 2599 688 2643 cum
710 2581 821 2662 collega
846 2599 879 2643 se
899 2582 1063 2645 communi·

108 2669 241 2726 catarum
260 2662 425 2743 respondit,
447 2665 598 2747 aecioque
619 2683 669 2738 eo,
692 2684 760 2728 cum
779 2675 895 2747 tempus
921 2684 1008 2729 omne
1031 2668 1063 2727 in

108 2750 656 2913 dffiigatsligffiassugssroallesffipsosssffil
678 2749 1091 2913 dgglrllblffdllvindehullmuadt

65 2977 67 2983 ι
110 2913 476 3079 bittittiigii
491 2932 648 3062 idatii
665 2916 1062 3080 iiiitliimiictiiij

110 3080 213 3157 quibus
232 3083 366 3162 Papirius
390 3084 443 3145 ait:
475 3086 630 3164 „auspicia
646 3084 775 3147 secunda
797 3101 877 3154 esse,
899 3082 1089 3153 Tarentinis

110 3163 247 3240 pullarius
258 3168 387 3238 nuntiat,
404 3165 517 3229 litatum
528 3176 682 3247 praeterea
693 3177 738 3229 est
748 3170 881 3247 egregie:
895 3163 1064 3228 auctoribus

110 3244 177 3317 diis,
197 3250 360 3321 uiridetis,
380 3251 416 3312 ad
433 3268 498 3311 rem
517 3250 678 3327 gerendam
702 3252 948 3330 proficiscimur.“
980 3251 1091 3328 signat

110 3327 176 3393 inde
197 3335 270 3397 ferri
288 3334 372 3397 iussit
392 3342 422 3396 ei
442 3336 540 3413 copias
563 3333 677 3403 eduxit,
699 3336 886 3396 vanissimam
906 3335 1064 3414 increpans

111 3423 240 3490 gentem,
260 3435 351 3498 quae,
376 3435 496 3480 suarum
516 3419 654 3497 inpotens
673 3435 774 3479 rerum
800 3437 872 3498 prae
896 3417 1064 3480 domesticis

111 3498 300 3564 seditionibus
306 3501 530 3584 discordiIsque,
544 3502 608 3564 aliis
621 3501 742 3565 modum
753 3504 833 3584 pacis
841 3521 875 3565 ac
885 3500 956 3565 belii
966 3501 1065 3565 iacere
