2575 4067
252 227 293 293 58
431 243 526 286 mnne
540 244 610 288 vm.
632 243 701 287 cnr.
719 232 746 284 9.
763 231 806 285 10.
823 222 864 307 [o.
879 248 911 289 n.
926 247 953 289 e.
969 224 1032 307 414]

251 390 378 453 Romani
386 391 470 470 praei
485 389 587 462 verba,
605 391 712 471 quibus
722 410 770 453 me
780 411 836 473 pro
847 392 1013 472 legionibus
1024 391 1192 456 devoretur.
1203 404 1221 441 (ί

224 474 384 556 opontilex
405 492 472 537 cum
491 482 590 552 togam
610 484 793 556 praetextam
815 494 934 538 sumere
961 477 1046 539 iussit
1067 484 1096 538 et
1115 476 1213 540 relato

252 559 362 639 capite,
377 575 467 619 manu
478 557 580 619 subter
591 560 737 638 togam-ed
747 570 880 622 mentum
894 567 1008 624 exserta
1020 578 1110 641 super
1121 561 1213 624 telum

223 643 416 705 osubiecoum
436 641 562 726 pedibus
582 650 709 705 stantem
732 645 776 705 sic
796 645 912 706 dicere:
940 644 1049 716 „lane,
1070 642 1213 724 luppiter,

251 730 441 806 Merspater,
464 725 599 798 dubiae,
619 726 757 800 Bellona,
776 728 883 798 Lares,
905 727 964 789 diri
976 727 1160 800 Novensiles,
1182 729 1214 790 dl

251 811 407 889 Indigetes,
424 809 491 883 diri,
504 829 629 892 qnorum
641 819 686 872 est
695 820 825 892 potestas
836 812 1212 893 nostrorumbostiumquc,

252 896 351 975 diique
372 911 489 967 menes,
512 913 564 955 vos
580 913 691 973 precor
709 912 836 957 veneror
854 896 969 957 veniam
987 904 1057 977 peto
1078 895 1212 977 feroque,

223 990 238 1038 r
251 981 295 1041 uti
304 976 414 1059 populo
425 978 558 1040 Romano
571 978 728 1051 eririlinm
739 982 798 1040 vim
808 980 1019 1059 victoriamque
1030 982 1213 1061 prosperetis

252 1065 410 1141 hostesque
420 1060 521 1142 populi
529 1062 655 1124 Romani
661 1062 817 1133 Quiritium
823 1071 949 1133 terrore,
961 1062 1120 1125 lormidIne
1130 1082 1212 1125 mor·

221 1155 338 1225 stoque
353 1144 504 1208 adficietis.
528 1147 606 1208 sicut
615 1145 713 1209 rerbIs
729 1149 908 1227 nuncupavi,
924 1148 964 1208 ita
977 1164 1034 1227 pro
1044 1146 1213 1227 republica

252 1230 424 1302 Quiritium,
452 1231 598 1303 exercitu,
618 1229 798 1309 legionibus,
826 1230 942 1292 auxiliis
963 1229 1065 1311 populi
1084 1231 1213 1293 Romani

252 1312 408 1384 Quiritium
419 1312 552 1390 legim
560 1313 725 1395 auxiliaque
736 1314 865 1376 hostium
875 1314 1063 1376 mecumdeis
1074 1315 1212 1377 menibus

222 1395 421 1477 cl’ellurique
438 1397 599 1460 deroreo.“
624 1398 700 1459 baec
718 1399 758 1459 lta
773 1406 911 1478 precatus
925 1397 1045 1460 liotorcs
1063 1399 1108 1460 ire
1122 1397 1161 1460 ad
1175 1399 1211 1461 Τ.

250 1480 390 1543 blanlium
397 1479 483 1541 iubet
492 1490 667 1562 matureque
678 1480 809 1561 collegae
820 1499 853 1543 se
863 1481 1000 1544 devotum
1011 1501 1066 1562 pro
1078 1484 1211 1544 exercitu

251 1564 398 1626 nuntiare
428 1563 492 1643 ipse
505 1565 653 1627 incinctus
667 1566 766 1627 cinctu
781 1564 895 1628 Gabino
910 1574 1040 1627 armatus
1054 1568 1086 1627 in
1101 1584 1210 1647 equum

210 1656 243 1709 10
252 1645 373 1708 insilivit
383 1664 417 1707 ac
427 1665 461 1709 se
471 1648 503 1708 in
514 1648 627 1710 medios
637 1648 738 1711 hostes
748 1650 869 1711 inmisit
891 1648 1118 1729 oonspeotusub
1129 1659 1206 1712 utra·

252 1729 731 1895 llllllsblululssblb
745 1734 1209 1898 midila-”birli

209 1899 310 1959 lienis
324 1916 456 1959 aversam
477 1899 508 1959 ln
526 1898 626 1961 hostes
648 1900 753 1962 ierret:
778 1901 818 1962 ita
834 1903 929 1963 omnis
950 1909 1047 1963 terror
1061 1920 1209 1981 pavorque

210 1988 242 2040 12
253 2000 320 2043 curn
337 1980 388 2042 illo
403 1979 479 2044 lotus
494 1983 577 2062 signo
598 1985 696 2064 prino
708 1984 880 2047 Latinorum
894 1984 1035 2054 turbarit,
1057 1984 1205 2048 deindeir

249 2066 719 2148 totam-penitusooiempervesit
744 2068 1209 2153 vendenmsinrmldfnnffluod,

249 2168 434 2297 billi?
446 2160 673 2316 illul
689 2161 748 2299 iil
768 2151 1112 2298 bilbilitani
1118 2154 1209 2307 ld:

249 2318 319 2381 iirdc
343 2320 402 2380 iem
429 2318 508 2381 baud
534 2320 623 2383 dubie
650 2330 855 2383 consternatae
880 2319 1017 2382 cohortos
1036 2320 1209 2382 Latinorum

209 2408 241 2462 13
252 2404 352 2481 lugam
374 2420 409 2464 oc
430 2406 595 2466 vastitatem
615 2403 673 2467 late
692 2406 836 2466 iecerunt.
869 2403 956 2466 simul
971 2411 1001 2466 et
1015 2405 1141 2467 Romani
1158 2423 1209 2466 ex·

249 2487 352 2547 solutis
376 2484 520 2564 religione
544 2489 665 2558 areimis,
687 2487 769 2550 velut
794 2497 856 2549 tum
881 2488 1011 2568 primum
1033 2489 1119 2567 signo
1140 2488 1209 2549 doto

208 2573 240 2627 14
251 2570 359 2635 coorti.
383 2587 512 2647 pugnam
525 2573 673 2648 integram
687 2571 857 2633 ediderunt·
884 2588 953 2634 nam
969 2580 999 2633 et
1017 2572 1125 2634 rorarii
1138 2591 1208 2652 pro·

249 2650 409 2712 currebant
423 2654 502 2713 inter
510 2654 695 2733 antepilanos
705 2655 937 2735 addiderantque
947 2657 1025 2718 vires
1041 2655 1164 2718 hastatis
1175 2674 1210 2717 ac

249 2733 447 2814 principibus,
469 2745 500 2797 et
512 2738 606 2799 triarii
621 2755 700 2816 genu
720 2738 824 2802 dextro
843 2740 938 2801 innixi
955 2747 1060 2802 nutum
1079 2738 1210 2801 consulis

221 2825 235 2876 1
248 2817 535 2897 adcensurgendum
547 2821 750 2901 expectabant.
776 2822 813 2884 X.
827 2822 1012 2885 Procedente
1022 2823 1131 2885 deinde
1143 2841 1209 2885 cer·

247 2903 358 2964 umine
376 2922 443 2965 cum
460 2902 525 2967 aliis
539 2905 674 2985 portibus
688 2905 843 2969 mullitudo
858 2915 1013 2987 superaret
1025 2906 1207 2979 Latinorum,

248 2986 373 3049 llonlius
388 2988 490 3050 consul
504 2989 603 3052 audito
618 3002 723 3052 eventu
739 2989 883 3069 collegae,
900 3008 983 3062 erim,
997 2998 1031 3052 ut
1044 2991 1090 3053 ius
1105 2990 1209 3072 fasque

248 3080 325 3142 erat,
340 3071 480 3134 lacrumis
491 3092 552 3135 non
561 3075 660 3135 minus
670 3093 759 3154 quam
769 3073 905 3136 laudibus
916 3074 1023 3137 debitis
1033 3084 1209 3155 prosecutus

222 3161 310 3218 stam
320 3155 543 3219 memorabilem
553 3165 681 3220 mortem
694 3166 784 3231 esset,
798 3156 949 3239 pardisper
960 3157 1154 3231 addubitavit,
1169 3178 1209 3221 an

248 3240 445 3319 consurgendi
459 3240 518 3303 iano
531 3242 642 3303 triariis
658 3250 774 3323 tempus
789 3249 881 3312 osset;
906 3241 1014 3305 deinde
1033 3242 1139 3306 melius
1158 3260 1208 3305 ra·

247 3328 295 3383 tus
305 3325 438 3402 integros
449 3343 501 3387 eos
510 3326 549 3387 nd
556 3324 693 3389 ultimum
705 3326 864 3389 discrimen
874 3327 1000 3399 servan,
1019 3345 1159 3390 accensos
1170 3326 1208 3390 eb

218 3408 403 3469 enorisslmo
414 3410 477 3470 ocio
488 3417 557 3472 ante
568 3410 652 3489 signe
659 3410 824 3492 procedere
835 3408 926 3472 iubet
952 3411 1207 3491 qrrlubisubiere,

248 3489 394 3569 extemplo
408 3491 518 3562 Latini,
534 3503 684 3573 tamquam
697 3495 775 3557 idem
790 3494 950 3556 adversarii
964 3496 1120 3568 iecissent,
1135 3496 1207 3556 tria·
