2575 4067
307 245 401 287 aman
414 246 470 290 var.
491 246 559 288 osa.
580 234 623 288 30.
641 225 681 308 [a.
699 228 734 289 0.
749 226 811 310 343]
999 233 1038 299 tt

74 392 267 472 humanaque
283 390 395 470 indigni
408 392 566 455 videamur.
599 412 695 473 neque
710 393 848 467 hercule,
905 394 943 457 od
956 396 1069 459 Sam-t

73 475 885 641 dilatimini:bilbilitiinfflin
896 479 1040 626 'viridi

73 650 103 705 et
136 643 232 722 gradu
260 644 382 705 honoris
408 662 461 706 nos
490 652 656 725 praestent:
686 662 783 725 neque
809 647 889 707 enim
919 646 1039 709 loedere

71 728 270 799 Samnitium,
291 746 329 789 ne
344 745 401 806 qua
421 745 497 790 nova
515 730 677 808 iungeretis
695 729 829 800 foedera,
852 739 969 792 cautum
986 739 1039 792 est.

71 812 131 874 iuit
155 811 273 892 quidem
294 810 373 891 apud
388 829 439 872 vos
460 830 578 892 semper
598 815 669 875 sads
686 809 763 875 iusta
778 830 865 875 causa
886 815 1068 886 amicitiaeb

70 895 154 957 velle
176 913 244 957 eum
259 894 340 957 vobis
360 896 488 959 amicum
512 914 591 967 esse,
616 897 667 977 qui
687 916 738 959 vos
759 904 927 978 appeteret:
957 898 1070 960 Cam-d

69 980 162 1061 pani,
179 981 233 1041 etsi
247 978 366 1042 fortuna
380 997 522 1060 praesens
536 982 690 1060 magnifice
704 980 785 1061 loqui
800 979 952 1060 prohibet,
979 998 1040 1043 non

70 1063 162 1126 urbis
178 1062 384 1143 amplitudine,
405 1082 465 1126 non
481 1066 545 1143 agri
559 1063 694 1128 memte
715 1064 768 1127 ulli
782 1063 892 1146 populo
908 1072 1040 1145 praeter-

70 1166 172 1229 quam
194 1147 277 1209 robis
294 1147 449 1220 cedentes,
473 1147 552 1211 haud
572 1166 677 1228 parva,
700 1157 733 1211 ut
747 1148 890 1221 arbitror,
911 1150 1039 1212 accessio

69 1232 165 1295 bonis
179 1230 269 1293 rebus
282 1232 388 1294 vestris
401 1233 433 1292 in
444 1233 602 1294 amicitiam
617 1235 752 1296 remmus
764 1241 902 1295 vestram.
933 1233 1041 1312 Aequis
1051 1241 1068 1275 ⁹

70 1314 264 1397 Volscisque,
280 1317 409 1379 aeternis
423 1314 556 1379 hostibus
570 1316 658 1379 huius
674 1317 772 1387 urbis,
795 1316 1040 1397 quurdocumque

70 1419 105 1464 se
132 1401 294 1472 moverint,
325 1399 361 1462 ab
390 1408 473 1480 tergo
498 1401 607 1464 erimus
627 1409 672 1473 et,
694 1400 774 1482 quod
796 1418 847 1462 vos
866 1417 922 1479 pro
946 1397 1040 1461 salute

70 1492 181 1547 nostra
195 1484 310 1565 priores
324 1484 469 1556 feceritis,
487 1484 518 1546 id
529 1502 583 1547 nos
591 1503 648 1566 pro
658 1486 784 1566 imperio
796 1493 893 1547 vesun
904 1491 934 1545 et
946 1482 1040 1563 gloria

71 1586 198 1649 semper
218 1567 367 1630 iaciemus.
401 1566 530 1630 subactis
551 1567 597 1630 bis
617 1568 768 1649 gentibus,
794 1586 870 1649 quae
892 1569 969 1630 inter
987 1575 1069 1629 nost

71 1670 189 1733 rosque
205 1659 287 1723 sunt,
303 1650 381 1732 quod
396 1669 491 1733 prope
513 1652 591 1714 diem
605 1653 738 1715 iubarum
753 1653 880 1733 spondet
894 1659 924 1714 et
947 1654 1039 1713 virtus

73 1744 105 1798 et
121 1736 242 1797 iortmn
253 1744 363 1807 vesus,
380 1736 537 1798 continens
549 1737 707 1817 imperium
723 1754 815 1817 usque
830 1735 867 1798 ad
879 1753 934 1796 nos
948 1733 1038 1797 babe-

74 1821 155 1885 bitis.
188 1819 329 1882 acerbum
344 1836 379 1883 ac
392 1820 533 1882 misemm
556 1829 614 1892 cst,
638 1821 717 1902 quod
739 1820 825 1882 lateri
846 1838 900 1881 nos
920 1820 1066 1882 ionunaa

75 1912 181 1966 nostra
200 1905 293 1983 cogit:
322 1921 357 1965 eo
378 1910 498 1966 ventum
519 1913 578 1976 est,
604 1913 705 1986 patres
731 1904 904 1984 conscripti,
931 1910 964 1964 ut
990 1912 1041 1965 aut

74 1990 243 2050 amicorum
258 1995 308 2049 aut
329 1987 516 2050 inimicorum
533 1989 675 2071 Campani
693 1990 794 2051 simus.
831 1988 856 2049 si
872 1986 1038 2058 defenditis,
1051 1995 1082 2048 ιο

73 2072 182 2143 vestri,
206 2072 231 2134 sl
247 2071 399 2142 desentb,
425 2072 599 2135 Samnitium
618 2074 742 2141 erimus;
766 2072 897 2152 capuan
918 2088 990 2150 ergo
1011 2081 1041 2133 et

77 2156 273 2236 Campaniam
293 2173 412 2217 omnem
432 2157 536 2216 vestris
557 2173 595 2218 an
617 2156 792 2219 Samnitium
818 2154 929 2216 viribus
956 2172 1040 2216 acce·

76 2239 152 2301 dere
168 2237 290 2312 malitis,
312 2238 483 2302 deliberate.
514 2238 652 2301 omnibus
672 2238 807 2319 qudem,
830 2236 970 2307 Romani,
991 2247 1081 2297 ves-11

75 2332 172 2388 stram
198 2322 432 2386 mIsericordiam
461 2330 650 2403 vestrumque
679 2318 818 2383 amilium
846 2336 971 2398 aequum
997 2327 1042 2381 est

74 2414 196 2489 patere,
216 2408 253 2469 lis
267 2414 367 2469 amen
380 2408 521 2479 mamma,
544 2408 610 2488 qul,
633 2405 723 2468 iidem
740 2400 956 2484 inplorantibus
976 2400 1041 2463 allis

76 2489 221 2553 auxilium
237 2490 306 2553 dum
322 2509 412 2572 supra
426 2492 503 2553 vires
517 2510 584 2554 suas
597 2497 761 2572 praestant,
780 2495 850 2551 onte
864 2503 967 2549 omnes
984 2486 1041 2568 ipsi

76 2577 109 2638 in
126 2575 206 2636 banc
226 2576 431 2638 necessitatem
449 2583 602 2638 venenant.
644 2591 822 2656 quamquam
843 2572 1038 2654 pugnavimus
1051 2580 1082 2630 lt

76 2657 172 2720 verbo
182 2677 237 2739 pro
249 2659 395 2731 Sidicinis,
411 2678 510 2741 repro
521 2659 615 2731 nobis,
627 2678 695 2722 cum
706 2659 872 2721 videremus
883 2656 1040 2718 ilnldmum

76 2741 223 2825 populum
239 2743 353 2806 neiario
368 2742 521 2807 latrocinio
536 2744 711 2807 Samnitium
726 2743 787 2822 peti
802 2749 846 2813 et,
863 2739 915 2803 ubi
931 2740 1040 2802 conlin-

79 2834 217 2905 grassent
227 2826 364 2902 Sidicini,
380 2827 417 2890 ad
428 2846 482 2891 nos
496 2829 688 2890 traiecturum
699 2825 771 2887 illud
782 2824 952 2888 incendium
965 2843 1040 2886 esse.

80 2926 139 2971 neo
154 2912 233 2973 enim
247 2929 341 2983 nunc,
363 2912 432 2992 qula
447 2911 548 2975 dolent
564 2911 701 2974 iniuriam
719 2916 870 2987 acceptam
883 2909 1038 2977 Samnites,
1052 2913 1084 2965 lt

79 2992 134 3055 sed
149 2995 216 3075 quia
232 2996 361 3074 gaudent
383 2994 510 3059 oblatam
529 2995 587 3059 sibl
604 3013 669 3058 esse
685 3010 818 3063 caumm,
840 2998 1039 3070 oppugnatum

79 3095 136 3141 nos
150 3080 281 3141 veniunt.
313 3097 366 3151 an,
387 3081 413 3141 si
427 3079 499 3143 ultio
521 3082 584 3142 irae
608 3080 683 3141 haec
705 3084 736 3138 et
752 3094 813 3139 non
827 3076 943 3138 occasio
959 3073 1040 3152 cupi·
1052 3079 1082 3130 tt

55 3221 58 3226 .
79 3157 180 3225 ditatis
196 3161 358 3244 explendae
374 3172 465 3236 esset,
488 3182 593 3245 parum
619 3164 688 3234 luit,
709 3160 788 3242 quod
809 3158 901 3224 semel
916 3159 947 3242 ip
964 3154 1040 3218 Sidi·

79 3246 149 3309 cino
164 3263 251 3326 agro,
267 3248 375 3310 iterum
389 3249 419 3310 in
432 3248 591 3329 Campania
605 3247 670 3327 ipsa
684 3244 818 3324 legiones
832 3250 949 3305 nostras
963 3238 1039 3302 ceci·

80 3329 175 3393 derel
205 3349 281 3413 quae
299 3340 344 3394 est
358 3333 412 3395 ista
428 3339 487 3394 mm
501 3331 608 3393 infesta
623 3332 683 3399 ira,
703 3345 792 3408 quam
807 3345 862 3408 per
877 3325 949 3388 duas
963 3323 1083 3385 aelesti

80 3413 164 3478 basus
178 3416 296 3495 maguis
311 3415 430 3497 explere
445 3432 505 3476 non
528 3413 673 3496 potuerit?
705 3409 779 3472 adde
798 3412 856 3473 huc
876 3407 1040 3491 populatio·

82 3515 151 3561 nem
171 3516 326 3577 agrorum,
355 3500 481 3580 praedas
499 3499 652 3561 homiuum
674 3506 762 3581 atque
785 3495 931 3577 pecudum
951 3500 1040 3561 aciat,
