2575 4067
232 260 293 323 226
407 272 500 316 umen
515 271 578 312 nr.
596 271 666 313 one.
681 257 724 313 26.
742 259 785 314 27.
802 247 842 330 [a.
859 272 889 314 u.
905 271 931 311 e.
948 248 1011 330 tao]

231 440 333 484 eorum
348 422 495 500 ipsorum,
511 436 584 498 quos
599 417 684 479 sedes
699 436 769 479 suae
783 425 953 488 tenuerant,
969 416 1056 479 sinui
1069 416 1198 497 perlicit

230 482 316 573 donis
349 503 385 567 ad
414 520 501 565 nares
530 502 659 582 undique
688 501 903 563 contrahendas
932 501 1196 583 fabricandasque,

229 586 316 649 slmul
337 595 367 649 et
393 588 449 667 ipsi
473 588 558 647 traici
583 587 745 647 exercitum
771 584 919 663 levarique
943 603 1030 665 quam
1057 587 1198 665 primum

230 673 382 749 regionem
401 688 483 731 suam
502 676 582 732 tanta
601 669 754 730 hominum
773 677 898 746 urgente
919 668 1004 730 turba
1019 669 1195 747 cupiebant.

200 757 327 834 sitaque
347 755 453 833 iugens
474 754 637 815 coactetis
661 753 777 813 uadum
799 759 844 813 est
863 751 1053 832 lintriumque
1074 760 1196 817 temere

229 837 266 899 ad
291 836 446 898 vicinalem
465 855 551 897 usum
578 844 763 916 paratarum
790 852 938 916 novasque
959 835 1030 896 alias
1055 837 1192 915 primum

201 920 304 983 eGaiii
329 921 502 981 inchoantes
522 919 663 982 narrabant
682 937 719 981 ex
741 919 863 997 singulis
884 919 1052 990 arboribus,
1080 919 1194 982 deindo

229 1011 259 1066 et
278 1005 335 1084 ipsi
349 1003 456 1065 milites
472 1001 558 1064 simui
572 1005 655 1083 copia
667 1004 809 1064 materiae
823 1002 912 1064 simui
933 1001 1070 1063 facilitate
1087 1005 1191 1083 operis

228 1087 340 1148 inducti
357 1086 453 1148 alveos
475 1086 632 1155 informes,
656 1086 729 1146 nihii
743 1085 901 1148 dummodo
921 1088 1026 1147 innare
1045 1104 1137 1166 aquae
1159 1095 1192 1149 et

228 1188 335 1250 capere
351 1188 440 1231 onera
461 1178 581 1249 possent
595 1176 745 1241 curantes,
769 1171 891 1248 raptim,
913 1168 1019 1249 quibus
1033 1187 1065 1230 se
1075 1187 1192 1251 suaque

227 1255 466 1325 transveherent,
482 1252 637 1315 faciebant.

200 1344 213 1396 1
289 1337 401 1399 xxvii.
445 1337 565 1417 lamque
590 1334 727 1397 omnibns
756 1336 826 1397 satis
852 1337 1018 1413 conparatis
1050 1335 1086 1396 ad
1114 1339 1190 1399 trai-

228 1421 363 1481 ciendum
378 1419 530 1482 terrebant
542 1438 577 1481 er
589 1420 711 1482 adverso
725 1418 824 1480 hostes
836 1436 953 1479 omnem
967 1419 1060 1499 ripam
1073 1422 1188 1500 equites

195 1504 340 1583 aurique
355 1503 531 1564 obtinentes.
567 1521 639 1581 quos
653 1510 687 1563 ut
706 1509 864 1570 averteret,
886 1501 1059 1566 Hannonem
1075 1502 1185 1564 Bomil-

228 1589 304 1648 earis
332 1586 423 1647 filium
452 1585 546 1663 vigilia
574 1587 669 1664 prima
695 1587 789 1647 noctis
817 1604 884 1647 cum
909 1592 994 1664 parte
1022 1586 1186 1665 copiarum,

227 1671 356 1749 maxime
366 1669 517 1749 lllspanis,
535 1668 657 1730 aduerso
669 1668 791 1730 flumine
805 1670 849 1730 ire
864 1671 920 1729 iter
931 1669 1019 1730 unius
1030 1669 1087 1730 diei
1102 1670 1187 1732 iubet

198 1758 271 1819 bet,
287 1751 337 1810 ubi
355 1751 484 1831 primum
498 1753 607 1832 possit,
633 1770 720 1832 quam
743 1750 937 1813 occultissime
961 1754 1084 1813 traiecto
1104 1754 1186 1815 amni

227 1833 450 1895 circumducere
470 1853 590 1915 agmen,
613 1844 660 1910 ut,
680 1855 746 1896 cum
767 1854 840 1917 opus
861 1836 938 1896 facto
959 1837 1011 1907 sit,
1035 1836 1183 1898 adoriatur

199 1916 263 1978 tab
286 1924 368 1996 tergo
391 1918 516 1980 hostem.
562 1918 599 1979 ad
624 1920 654 1978 id
675 1919 734 1979 dati
755 1919 844 1981 duces
868 1918 943 1979 Galli
966 1918 1091 1980 edocent
1114 1920 1183 1982 lnde

227 1999 306 2061 milia
318 2003 447 2082 quinque
470 2010 500 2063 et
518 2003 620 2081 uiginti
640 2003 734 2063 ferme
758 2020 846 2082 supra
866 2020 973 2082 parrae
993 2002 1105 2065 insulae
1125 2006 1182 2065 cir·

228 2084 394 2147 cumfusum
409 2103 526 2148 amnem
537 2086 686 2155 latiorem,
703 2085 753 2146 ubi
768 2086 963 2158 diuidebatur,
980 2105 1075 2167 eoque
1087 2088 1184 2152 minus

199 2167 285 2230 talto
297 2168 378 2231 alveo
401 2171 556 2231 transitum
575 2168 741 2230 ostendere.
777 2168 819 2229 ibi
839 2171 945 2249 raptim
962 2188 1046 2232 caesa
1061 2173 1183 2234 materia

226 2259 362 2334 ratesque
379 2252 551 2324 fabricatae,
574 2251 725 2332 inquibus
743 2255 811 2333 equi
834 2254 945 2333 urique
965 2262 995 2314 et
1014 2253 1071 2316 alia
1093 2266 1186 2317 onera

226 2338 432 2399 traicerentur.
463 2338 585 2417 Hispani
603 2338 667 2398 sine
680 2334 738 2397 ulla
752 2336 830 2398 mole
851 2338 882 2397 in
902 2344 983 2398 utres
1003 2339 1184 2400 vestimentis

227 2421 367 2481 coniectls
389 2421 446 2499 ipsi
461 2423 567 2482 caetris
586 2421 777 2501 superpositis
798 2419 971 2483 incubantes
991 2421 1102 2483 flumen
1123 2431 1183 2483 tra·

198 2510 342 2563 oravere.
372 2509 402 2563 et
422 2502 495 2565 alius
508 2506 654 2565 exercitus
668 2503 781 2565 ratibus
794 2505 901 2565 iunctis
923 2505 1061 2566 traiectus
1080 2506 1183 2566 castrIs

225 2601 318 2661 prope
334 2585 444 2645 flumen
460 2589 562 2666 positis
574 2595 719 2649 nocturno
740 2589 846 2650 itinere
861 2596 947 2669 atque
963 2589 1062 2669 operis
1080 2587 1182 2650 labore

226 2664 321 2726 fessus
336 2668 433 2746 quiete
454 2672 540 2730 unius
559 2669 617 2731 diei
637 2672 782 2742 relicitur,
804 2672 918 2733 intento
941 2672 1014 2734 duce
1033 2671 1068 2731 ad
1081 2671 1178 2730 consi·

193 2756 208 2806 ⁷
225 2746 297 2808 lium
309 2759 473 2829 opportune
484 2753 712 2833 exsequendum.
741 2764 860 2834 postero
872 2755 918 2816 die
929 2754 1052 2835 profecti
1063 2771 1098 2814 ex
1111 2751 1178 2813 ioco

226 2832 377 2912 praedicto
388 2833 469 2897 fumo
484 2837 648 2915 significant
663 2840 801 2900 transisse
816 2847 846 2900 et
855 2839 933 2901 haud
948 2836 1052 2918 procul
1067 2836 1179 2899 abesse.

225 2917 304 2996 quod
316 2917 367 2979 ubi
378 2921 490 3000 accepit
500 2920 658 2994 Hannibal,
674 2941 712 2983 ne
722 2925 848 3001 tempori
859 2923 988 2993 deesset,
1004 2922 1054 2983 dat
1065 2923 1181 3001 signum

196 3000 487 3065 contractandum.
531 3006 588 3067 iam
612 3014 729 3085 paratas
751 3013 919 3086 aptatasque
938 3004 1066 3067 babebat
1090 3004 1182 3086 pedes

224 3082 343 3158 lintres,
369 3105 458 3167 eques
478 3087 540 3150 fere
560 3097 683 3172 propter
698 3107 788 3169 equos
808 3106 905 3151 nares.
937 3091 1055 3151 narium
1076 3106 1182 3168 agmen

225 3166 263 3228 ad
277 3170 480 3249 excipiendum
497 3171 609 3233 adversi
627 3174 768 3252 impetum
789 3171 916 3235 fluminis
930 3181 1013 3254 parte
1028 3174 1182 3253 superiore

224 3253 426 3314 transmittens
451 3255 690 3336 tranquillitatem
715 3256 793 3318 infra
817 3255 1019 3318 munientibus
1043 3254 1181 3317 liutribns

196 3339 213 3391 t)
223 3335 394 3412 praebebat.
425 3356 568 3418 equorum
586 3358 656 3420 pars
671 3358 775 3419 magna
791 3348 894 3402 nantes
908 3340 979 3402 loris
997 3359 1013 3401 a
1032 3338 1182 3420 puppibus

225 3417 416 3481 trahebantur
436 3431 554 3500 praeter
574 3442 639 3494 eos,
666 3443 739 3504 quos
759 3426 899 3486 instratos
920 3424 1121 3503 frenatosque,
1146 3429 1181 3483 ut

226 3503 371 3583 extemplo
388 3520 506 3581 egresso
521 3508 553 3567 in
567 3508 663 3587 ripam
679 3509 769 3587 equiti
783 3510 849 3570 usui
861 3516 959 3570 essent
989 3508 1180 3586 inposuerant
