2575 4067
214 189 275 254 198
408 203 502 245 amun
517 203 547 244 x.
563 201 634 245 cae.
647 190 690 242 ta.
704 188 749 244 46.
767 179 807 262 [a.
823 204 855 243 u.
871 203 897 244 o.
911 178 976 263 461]

213 350 333 413 Samnio
347 351 378 412 in
389 350 538 411 Etruriam
553 366 620 411 cum
635 350 766 410 exercitu
782 347 930 410 transiret.
960 350 1019 410 iam
1032 348 1175 413 Carvilius

211 433 324 496 Veliam
353 441 383 495 et
403 432 609 495 Palumbinum
635 440 665 494 et
690 431 907 494 Herculaneum
932 450 969 494 ex
992 433 1175 496 Samnitibus

180 523 342 599 coeperat,
370 517 481 579 Veliam
502 520 581 579 intra
600 534 710 597 paucos
723 516 801 587 dies,
828 514 1035 579 Palumbinum
1056 516 1172 589 eodem,

169 609 202 663 to
213 621 270 683 quo
281 601 319 663 ad
332 619 434 664 muros
448 602 579 662 accessit.
611 601 648 663 ad
658 599 876 662 Herculaneum
892 601 979 661 etiam
994 601 1085 680 signis
1101 619 1173 662 con·

212 685 278 748 latis
297 686 418 766 ancipiti
441 685 555 765 proelio
581 693 698 746 etcum
721 685 834 745 maiore
858 701 911 745 sua
930 702 1019 764 quam
1042 684 1172 747 hostium

209 773 322 832 iactura
338 769 499 838 dimicarit:
523 771 626 831 castris
641 768 748 830 deinde
761 769 863 847 positis
878 767 1033 830 moenibus
1054 769 1171 830 hostem

168 861 197 915 11
210 852 338 916 inclusit.
370 861 571 935 oppugnatum
587 853 728 934 oppidum
744 859 929 932 captumque.
962 853 994 913 in
1013 852 1060 913 bls
1076 851 1172 914 tribus

208 936 333 1001 urbibus
348 947 433 1018 capta
449 946 499 1000 aut
514 955 598 1000 caesa
614 938 651 1000 ad
671 937 774 998 decem
794 934 874 998 milla
894 935 1063 1007 bominum,
1083 939 1123 997 ita
1139 946 1172 997 ut

211 1041 303 1102 parvo
322 1021 480 1084 admodum
502 1021 604 1102 plures
621 1027 807 1101 caperentur.
841 1019 1032 1082 sortientibus
1052 1022 1171 1100 provin·

210 1107 269 1168 cias
300 1105 469 1168 consulibus
493 1107 610 1168 Etruria
640 1102 765 1167 Carvilio
791 1105 887 1164 evenit
914 1103 1077 1165 secundum
1106 1115 1171 1167 vota

209 1189 348 1262 militum,
371 1192 422 1271 qui
437 1192 495 1252 vim
511 1191 629 1270 trigoris
642 1191 701 1251 iam
713 1190 745 1250 ln
761 1188 880 1250 Samnio
894 1205 955 1249 non
974 1187 1171 1267 patiebantur.

168 1281 199 1333 12
211 1275 328 1354 Papirio
340 1274 377 1336 ad
392 1275 552 1356 Saepinum
568 1276 665 1336 maior
679 1276 721 1335 ris
740 1272 869 1334 hostium
885 1273 1000 1334 restitit.
1032 1290 1120 1352 saepe
1139 1274 1171 1334 in

209 1360 287 1431 acie,
302 1376 391 1440 saepe
404 1360 437 1420 in
451 1361 583 1440 agmine,
602 1376 692 1439 saepe
706 1358 785 1418 circa
801 1357 896 1435 ipsam
911 1354 1016 1417 urbem
1031 1355 1171 1417 adversus

209 1444 380 1522 eruptiones
402 1442 531 1504 hostium
553 1450 730 1522 pugnatum:
755 1458 811 1503 nec
831 1439 961 1512 obsidio,
988 1438 1040 1501 sed
1060 1439 1171 1501 bellum

209 1545 245 1587 ex
262 1545 356 1607 aequo
372 1535 450 1587 erat:
475 1544 535 1587 non
552 1528 630 1588 enim
645 1527 741 1587 muris
760 1526 854 1603 magis
870 1542 902 1585 se
917 1525 1063 1586 Samnites
1081 1543 1169 1604 quam

165 1612 301 1670 ttarmIs
321 1627 356 1670 ac
375 1611 446 1670 viris
464 1611 581 1671 moenia
602 1609 780 1671 tutabantur.
818 1607 936 1669 tandem
956 1609 1116 1687 pugnando
1137 1609 1168 1669 in

209 1690 393 1754 obsidIonem
410 1694 516 1755 iustam
540 1695 636 1772 coegit
657 1694 771 1762 hostes,
793 1691 1015 1772 obsidendoque
1034 1694 1063 1752 vi
1082 1701 1168 1772 atque

167 1774 350 1855 ttoperibus
369 1776 474 1838 urbem
495 1779 681 1858 expugnavit.
724 1779 823 1857 itaque
845 1777 882 1837 ab
906 1778 952 1838 ira
976 1775 1043 1855 plus
1072 1776 1169 1839 caedis

208 1859 319 1920 editum
329 1869 413 1940 capta
427 1860 517 1923 urbe:
536 1869 650 1940 septem
667 1860 746 1922 milia
757 1858 964 1941 quadringenti
975 1862 1068 1931 caesi,
1083 1869 1168 1942 capta

206 1944 305 2005 minus
326 1947 382 2008 tria
406 1945 486 2008 milia
507 1946 671 2008 hominum.
721 1944 845 2025 praeda,
871 1962 946 2024 quae
965 1942 1093 2023 plurima
1114 1944 1168 2006 tuit

207 2031 353 2108 congestis
374 2030 546 2092 Samnitium
567 2030 657 2091 rebus
677 2030 708 2090 iu
729 2027 818 2093 urbes
840 2045 962 2108 paucas,
992 2027 1077 2089 militi
1097 2046 1168 2090 oon·

206 2130 287 2174 cessa
304 2123 357 2176 est.

180 2202 192 2254 t
270 2197 366 2259 xtvt.
411 2198 498 2259 Nives
526 2199 585 2259 iam
617 2198 714 2258 omnia
746 2195 949 2276 oppleverant,
982 2214 1038 2257 nac
1067 2197 1167 2258 durari

206 2291 288 2343 extra
309 2291 385 2344 tecta
405 2289 535 2359 poterat:
563 2282 661 2361 itaque
686 2279 789 2342 consul
811 2282 973 2342 exercitum
993 2280 1030 2341 de
1047 2280 1167 2343 Samnio

174 2363 335 2427 adeduxit.
385 2366 514 2427 venienti
534 2365 660 2428 Romam
681 2365 849 2444 triumphus
868 2367 1000 2429 omnium
1019 2381 1167 2427 consensu

207 2457 251 2508 est
266 2447 388 2510 dolatus.
415 2450 605 2529 triumphavit
618 2450 650 2510 in
662 2450 848 2527 magistratu,
864 2450 987 2528 insigni,
1001 2448 1167 2511 utiliorum

173 2535 371 2609 ittemporum
386 2530 504 2593 habitus
519 2542 596 2604 erat,
614 2532 775 2612 triumpho.
805 2532 918 2613 pedites
932 2534 1103 2614 equitesque
1120 2535 1166 2594 in-

204 2615 304 2690 signes
319 2614 404 2675 donis
423 2616 568 2677 transiere
583 2633 618 2677 ac
638 2619 798 2679 transvecti
819 2625 903 2687 suut;
925 2615 1036 2679 mtrltae
1056 2619 1165 2679 civicae

176 2706 331 2758 ‹teoronae
356 2695 537 2777 vallaresque
562 2716 597 2760 ao
621 2699 750 2762 murales
778 2708 969 2782 conspectam
1005 2703 1164 2780 inspectata

203 2778 297 2862 spolia
309 2781 485 2844 Samnitium
500 2793 529 2844 et
546 2782 654 2845 decore
669 2802 703 2846 ao
717 2784 936 2864 pulchritudine
951 2786 1082 2866 paternis
1095 2802 1163 2865 spo·

203 2865 264 2936 liis,
279 2884 354 2946 quae
367 2874 436 2928 nota
448 2866 596 2948 frequenti
608 2868 795 2950 publicorum
807 2878 912 2933 ornatu
926 2868 1061 2932 locorum
1070 2876 1164 2940 erant,

204 2950 457 3028 comparabantnr;
479 2952 595 3015 nabdes
615 2952 727 3033 aliquot
742 2956 849 3035 captivi
865 2954 939 3017 clari
958 2956 1020 3016 suis
1033 2962 1165 3035 patrum·

174 3041 261 3115 bqua
280 3035 364 3097 iactis
380 3035 475 3105 ducti;
497 3038 574 3098 aeris
595 3039 692 3116 gravis
712 3046 841 3102 travecta
854 3040 965 3111 viciens
979 3047 1098 3101 centum
1109 3038 1164 3098 mi·

202 3118 241 3179 lia
256 3126 286 3180 et
301 3122 461 3200 quingenta
478 3122 597 3200 triginta
618 3121 675 3184 tria
695 3120 775 3184 milia
790 3157 834 3170 -
846 3123 877 3184 id
897 3142 947 3186 aes
961 3121 1113 3185 redactum
1128 3139 1165 3183 ex

203 3203 324 3282 captivis
347 3202 500 3266 dicebatur
516 3240 570 3275 -,
593 3207 722 3285 argenti,
745 3208 825 3288 quod
847 3215 964 3289 captum
984 3224 1021 3268 ex
1042 3205 1166 3268 urbibus

203 3295 279 3357 erat,
299 3286 399 3366 pondo
416 3287 497 3351 mllle
518 3290 686 3369 octingenta
705 3292 835 3370 triginta.
882 3309 970 3354 omne
991 3306 1042 3352 aas
1059 3306 1165 3369 argen-

202 3375 324 3449 tumque
343 3373 376 3432 in
395 3375 541 3436 aerarium
562 3373 729 3446 conditum,
753 3376 895 3438 militibus
914 3373 990 3437 nihil
1007 3372 1108 3436 datum
1129 3391 1165 3435 ex

173 3472 191 3524 ο
200 3451 312 3530 praeda
327 3461 379 3515 ost.
410 3464 552 3537 auctaque
568 3475 602 3519 ea
623 3458 732 3520 invidia
748 3459 843 3522 estad
859 3455 992 3541 plebem,
1013 3459 1092 3537 quod
1113 3459 1165 3518 tri·
