2575 4067
337 239 431 284 ersus
445 239 487 282 rx.
505 238 574 284 oss.
590 226 633 281 id.
650 217 691 302 [a.
708 221 743 284 0.
762 220 825 303 sle]

154 385 290 449 XXXVI.
330 383 409 449 Silva
435 395 500 449 erat
519 387 642 450 Ciminia
663 388 758 467 magis
783 395 846 450 tum
871 390 949 452 iuria
974 397 1010 453 at·

94 465 267 541 horrenda,
289 487 377 551 quam
400 486 497 551 nuper
517 469 600 532 fuere
615 471 784 533 Germamci
805 469 912 544 saltus,
933 471 1006 536 uuili

94 571 157 615 eam
172 553 261 615 diem
275 570 314 614 ne
327 559 529 616 mercatorum
540 552 660 634 qudem
675 553 763 616 adita.
779 572 845 616 eam
859 556 970 618 intrare
984 556 1064 620 hauc

93 635 154 698 iere
170 639 334 718 quisquam
354 644 473 717 praeter
496 636 601 700 durem
617 637 714 718 ipsum
730 637 870 701 audebat:
893 637 957 701 aliis
969 641 1064 702 omni·

93 717 146 781 bus
161 720 263 783 cladis
278 719 425 783 Caudinae
440 718 573 783 nondum
587 722 733 783 memoria
744 720 922 784 aboleverat.
952 730 1015 784 tum
1027 731 1092 786 en
1140 786 1151 804 ο

92 803 144 874 iis,
166 804 222 885 qui
239 802 380 874 aderant,
404 802 535 866 consulls
555 803 648 867 irater
666 804 831 867 iiidice
844 840 886 850 —
902 806 1064 869 Caesonem

92 884 148 958 alii,
166 887 201 950 G.
220 885 377 949 Claudium
387 887 507 968 quidam
522 895 617 950 matre
629 887 733 951 eadem
746 907 803 969 qua
816 888 968 952 consulem
979 891 1063 969 geni·

93 974 154 1032 tum
169 970 300 1033 tradunt
311 1004 353 1016 -
366 970 551 1050 speculatum
572 988 606 1033 se
621 973 733 1034 iturum
748 972 900 1052 protessus
920 971 1063 1053 brevique

92 1054 194 1116 omnia
218 1061 304 1116 certa
324 1051 500 1117 adlaturum.
541 1055 634 1118 Caere
655 1054 797 1119 educatus
817 1054 896 1138 apud
921 1056 1091 1135 bospitest

92 1133 232 1199 Etruscis
246 1137 317 1199 inde
331 1135 439 1200 litteris
453 1136 587 1201 erudiam
601 1145 680 1210 erat,
703 1137 893 1220 linguamque
907 1138 1063 1203 Etruscam

92 1218 188 1298 probe
203 1227 338 1283 noverat.
369 1219 466 1283 habeo
484 1230 621 1284 auctores
641 1219 690 1283 rui
711 1229 809 1284 otum
825 1222 975 1285 Romanos
990 1240 1062 1303 pue·

94 1317 157 1374 ros,
170 1306 255 1367 sicut
268 1321 349 1366 nunc
361 1304 490 1376 Graecis,
501 1306 543 1368 ita
555 1239 805 1367 Etruscisffitteris
816 1303 929 1367 erudiri
943 1304 1062 1368 soiitosr

93 1385 145 1446 sed
159 1389 290 1469 propius
305 1395 350 1449 est
364 1405 435 1449 vero
449 1389 642 1468 praecipuum
657 1385 768 1470 aliquid
783 1388 874 1452 tuisse
890 1389 922 1450 iu
937 1407 989 1461 eo,
1011 1391 1090 1471 qnid

93 1484 125 1529 se
141 1477 206 1534 tam
220 1471 327 1533 audaci
341 1469 528 1534 simulatione
539 1470 675 1535 hostibus
690 1473 884 1536 iumlsouerit.
916 1490 1019 1535 servus
1034 1473 1063 1536 ei

95 1549 204 1616 dicitur
221 1571 323 1616 comes
338 1571 415 1616 unus
429 1555 533 1627 subse,
549 1556 678 1618 nouitas
693 1573 752 1618 uua
770 1574 866 1638 eoque
885 1555 964 1619 baud
979 1557 1062 1636 lgna·

94 1647 146 1697 rus
168 1637 293 1718 liuguae
313 1636 461 1709 eiusdem
484 1655 542 1701 nec
563 1640 722 1720 quicquam
741 1638 821 1703 aliud
841 1641 1091 1721 proficiscentesb

96 1737 185 1797 quam
206 1723 378 1784 summatim
398 1723 543 1802 regionis,
570 1741 647 1804 quae
673 1722 811 1787 {uuanda
825 1733 903 1796 erat,
924 1732 1063 1788 natauam

96 1819 130 1863 ac
150 1806 276 1868 nomina
295 1806 464 1887 principum
485 1808 518 1868 in
537 1806 655 1888 populis
670 1825 826 1888 accepere,
856 1825 895 1871 ne
909 1827 967 1889 qua
983 1810 1063 1871 inter

95 1887 256 1970 conloquia
269 1889 380 1968 insIgni
398 1896 469 1951 nota
489 1888 669 1952 haesitantes
681 1890 825 1970 deprendi
839 1898 970 1973 possent.
1000 1893 1091 1954 iered

96 1971 242 2048 pastorali
257 1970 375 2044 habitu,
390 1973 556 2054 agrestibus
570 1971 652 2044 telis,
670 1972 795 2036 falcibus
812 1976 966 2055 gaesisque
982 1973 1062 2037 binis

7 2087 9 2104 ι
96 2058 214 2119 umen.
245 2055 299 2117 sed
315 2072 413 2137 neque
428 2056 640 2119 commercium
654 2054 774 2134 linguae
790 2073 846 2118 nec
860 2059 950 2120 vestu
963 2076 1062 2119 armo·

97 2150 201 2202 rumve
219 2138 336 2203 babitus
350 2142 393 2202 sic
404 2158 456 2202 cos
468 2139 556 2211 texit,
572 2156 661 2218 quam
671 2138 751 2219 quod
765 2137 946 2201 abhorrebat
955 2140 993 2201 ab
1004 2139 1063 2201 ide

97 2220 941 2387 abundabitis,'iiiiiiifiu
955 2230 1090 2377 abi?

99 2383 186 2452 iateri
204 2390 371 2453 Romanum
386 2408 507 2460 aueum,
524 2388 784 2470 introductumque
797 2388 830 2451 in
842 2395 977 2453 senatum
993 2405 1064 2450 con·

98 2470 170 2536 sniis
191 2471 291 2535 verbis
310 2475 405 2554 egisse
426 2473 464 2536 de
492 2474 632 2535 societate
653 2473 852 2556 amicitiaque,
886 2479 974 2555 atque
993 2471 1092 2535 indeo

100 2559 177 2619 comi
194 2557 323 2638 bospitio
345 2565 500 2639 acceptum
519 2558 657 2620 nuntiam
670 2556 810 2621 Romanis
829 2560 958 2631 iussum,
980 2576 1062 2621 com·

99 2649 231 2703 meatum
245 2642 389 2704 exercitui
403 2642 519 2705 dierum
535 2643 658 2723 triginta
670 2650 790 2723 praesto
805 2642 885 2715 iore,
906 2643 981 2705 sica
997 2641 1062 2704 ioca

99 2719 254 2795 intrasset,
272 2725 513 2804 iuventutemque
529 2725 709 2789 Camertium
724 2725 904 2790 Umbrenum
923 2729 955 2789 in
971 2727 1063 2789 umis

100 2816 234 2884 paratam
247 2809 373 2891 imperio
387 2808 528 2871 futuram.
555 2809 630 2870 baec
641 2827 711 2871 oum
724 2809 816 2873 relata
829 2809 943 2874 consuli
954 2815 1090 2880 meanto

100 2887 310 2972 inpedimentis
324 2893 422 2973 prima
436 2891 534 2973 vigilia
551 2892 737 2971 praemissis,
752 2892 919 2971 legionibus
933 2899 1002 2972 post
1015 2891 1061 2951 in·

103 2975 269 3050 pedimenta
285 2977 333 3038 lae
352 2978 454 3049 iussis,
480 2978 545 3058 ipse
564 2973 695 3039 substitit
716 2991 785 3036 enm
806 2975 937 3055 equitatu
951 2980 981 3035 et
996 2972 1105 3034 luceio

103 3065 166 3122 orta
190 3069 311 3140 postero
336 3059 385 3123 die
410 3058 588 3142 obequitavit
614 3057 790 3122 stationibus
815 3057 960 3128 hostium,
987 3072 1064 3139 quae

101 3151 186 3207 extra
205 3140 316 3211 suarm
329 3142 491 3228 dispositu
503 3147 605 3214 eraut:
631 3148 665 3207 et
683 3140 838 3207 emmau
851 3138 905 3205 diu
919 3139 1065 3205 tenmsret

101 3220 232 3301 bosom
250 3228 284 3292 in
306 3234 405 3292 metra
425 3242 492 3288 sese
511 3227 637 3307 recepit,
652 3234 797 3308 portaque
813 3223 906 3289 altera
926 3238 1064 3305 egressm

104 3318 169 3374 ante
189 3318 310 3376 nomem
328 3329 435 3393 agmen
455 3308 635 3390 adsequitur.
678 3316 799 3389 postero
818 3306 867 3370 die
886 3306 952 3371 luce
966 3308 1105 3389 primati

103 3390 169 3473 iuga
181 3395 301 3459 Ciminii
320 3397 431 3459 montis
448 3391 579 3456 tenebat.
607 3391 679 3455 inde
693 3391 909 3473 contemplatus
924 3390 1064 3474 opulenta

104 3471 236 3542 nunnae
257 3499 327 3543 arra
348 3479 457 3544 milites
472 3478 589 3542 emittit.
620 3477 736 3558 ingenti
753 3477 812 3539 iam
832 3477 935 3541 abacta
949 3478 1105 3561 praedam
