2575 4067
261 217 323 277 276
408 229 500 270 umus
515 230 592 272 xxm.
610 230 679 271 ose.
696 218 737 271 io.
752 219 794 270 17.
808 218 849 268 18.
868 211 908 292 [e.
924 235 954 274 u.
969 234 997 273 e.
1017 213 1092 294 537]

261 375 363 437 fefellit
373 377 434 437 suls
448 394 481 436 se
492 375 604 438 artibus
617 379 688 455 peti.
719 379 817 457 itaque
833 395 899 438 cum
915 394 970 456 per
981 377 1167 439 Casilinum
1181 397 1237 438 em·

262 460 333 520 dere
348 477 408 520 non
423 466 536 539 posset,
560 459 737 540 petendique
759 468 875 522 montes
896 468 926 522 et
949 462 1063 539 iugum
1081 460 1238 523 Calliculae

261 543 461 623 superandum
489 552 581 613 esset,
616 542 724 605 necubi
747 541 898 605 Romanus
924 542 1087 606 inclusum
1119 543 1237 604 vallibus

233 635 368 704 sagmen
385 625 609 706 adgrederetur,
627 626 787 688 ludibrium
802 626 956 688 oculorum
973 628 1088 706 specie
1105 627 1236 688 terribile
1266 686 1267 695 ,

262 709 299 770 ad
314 708 515 771 frustrandum
525 709 641 772 bostem
654 716 838 771 commentus
849 711 995 791 principio
1010 713 1126 772 noctis
1142 711 1235 771 iurtim

235 793 422 855 rsuccedere
444 792 482 853 ad
508 800 623 855 montes
641 795 750 855 statuit.
789 791 901 854 fallacis
918 792 1040 854 consilii
1060 793 1136 855 talis
1153 811 1233 872 appa·
1266 740 1268 841 l

264 884 345 937 ratus
355 876 423 938 fuit:
433 876 649 957 iacesundlque
660 896 696 939 ex
708 879 786 955 agris
797 875 947 938 conlectae
959 877 1133 956 fascesque
1146 878 1233 953 virga·
1266 898 1267 907 ¹

263 977 329 1021 rum
341 958 513 1040 atquearidi
523 958 959 1040 sarmenti*praeligauturque
970 960 1128 1022 cornibus
1139 959 1229 1024 boum

263 1062 336 1123 quos
348 1042 473 1105 domitos
486 1043 703 1124 indomitosque
717 1043 825 1105 multos
839 1045 917 1105 inter
929 1051 1069 1105 ceteram
1087 1051 1230 1122 agrestem

237 1127 405 1207 opraedam
421 1125 534 1204 agebat.
566 1127 603 1189 ad
619 1126 677 1189 duo
695 1126 775 1188 milia
797 1127 891 1188 ferme
905 1126 996 1187 boum
1015 1127 1150 1197 effecta,
1165 1125 1228 1186 Hes
1266 1154 1267 1205 n

265 1210 438 1290 drubalique
455 1212 605 1289 negotium
621 1211 735 1280 datum,
757 1218 790 1272 ut
804 1209 923 1291 [primis
936 1209 1094 1291 tenebris]
1111 1227 1170 1290 per
1182 1224 1227 1268 no

264 1301 341 1354 ctem
363 1293 393 1354 id
411 1303 578 1357 armentum
599 1296 730 1356 accensis
753 1293 892 1355 cornibus
919 1293 956 1354 ad
978 1297 1099 1356 montis
1124 1297 1226 1370 ageret
1266 1336 1267 1399 t

264 1380 404 1447 maxime,
422 1379 447 1439 si
464 1384 576 1457 posset,
595 1395 684 1458 super
697 1376 789 1438 saltus
803 1375 840 1437 ab
859 1377 943 1437 hoste
960 1378 1111 1438 insessos.

238 1471 250 1521 t
326 1460 411 1522 xvii.
449 1461 556 1522 Primis
587 1462 718 1522 tenebris
743 1459 859 1521 silentio
887 1468 967 1521 mota
993 1469 1115 1530 castra;
1144 1457 1225 1519 boves

237 1543 414 1624 reliquanto
435 1551 503 1605 ante
523 1547 606 1622 signa
628 1546 694 1605 aeti.
734 1543 786 1605 ubi
807 1543 843 1604 ad
860 1543 976 1605 radices
988 1546 1143 1606 montium
1157 1540 1220 1598 viar
1266 1538 1268 1637 l

266 1646 323 1706 que
334 1633 472 1705 angustas
486 1634 604 1687 rentum
619 1635 678 1698 est,
695 1630 811 1706 signum
828 1625 975 1706 extemplo
997 1626 1109 1698 datur,
1131 1631 1164 1685 ut
1179 1637 1220 1681 ao·

265 1713 360 1770 censis
371 1707 511 1770 cornibus
531 1718 663 1771 armenta
686 1713 717 1771 in
737 1711 875 1772 adversos
887 1706 1084 1773 concitentur
1104 1705 1216 1771 meam,

266 1800 294 1852 et
312 1799 408 1853 metus
421 1793 484 1871 ipse
508 1791 666 1854 relucentis
687 1794 822 1856 dammae
843 1811 879 1855 ex
892 1795 988 1872 capite
1006 1794 1152 1872 calorque
1167 1789 1215 1846 iam

264 1875 301 1936 ad
316 1876 409 1936 vivom
425 1875 462 1936 ad
479 1877 596 1956 imaque
615 1894 759 1939 cornuum
782 1877 940 1938 adveniens
962 1875 1046 1939 velut
1060 1871 1216 1938 stimulatos

237 1959 364 2020 aiurore
385 1959 491 2038 agebat
515 1959 614 2021 boves.
655 1981 713 2042 quo
734 1969 858 2040 repente
884 1960 1018 2022 discursu
1034 1959 1117 2022 haud
1141 1966 1213 2014 secut

264 2061 351 2122 quam
366 2041 445 2103 silvis
465 2043 672 2123 montibusque
693 2045 825 2106 accensis
843 2044 941 2105 omnia
963 2045 1079 2106 elrcum
1101 2033 1211 2116 mgulte

264 2127 383 2197 ardere,
412 2129 598 2208 capitumque
626 2129 713 2188 inrita
738 2129 885 2206 quassatio
914 2128 1046 2189 excitans
1077 2126 1209 2187 flammam

236 2209 416 2273 thominum
428 2213 536 2291 passim
549 2209 775 2272 discurrentium
788 2212 917 2290 speciem
928 2210 1103 2289 praebebat.
1127 2194 1209 2285 quial

264 2297 419 2356 transitum
444 2293 534 2355 saltus
559 2294 746 2356 insidendum
771 2293 858 2354 locati
885 2302 983 2364 erant,
1012 2293 1066 2355 ubi
1092 2294 1124 2352 in
1143 2299 1209 2379 suin·

262 2380 319 2438 mis
335 2377 485 2450 montibus
499 2396 532 2438 ac
548 2396 637 2457 super
654 2395 686 2438 se
697 2377 839 2458 quosdam
854 2379 939 2454 ignes
956 2390 1148 2457 conspexere.
1161 2377 1206 2426 ⁰¹³·

263 2470 433 2522 cumrentos
448 2478 480 2520 se
505 2477 569 2521 esse
591 2463 648 2522 rati
662 2461 809 2541 praesidio
829 2477 998 2528 excessere:
1020 2479 1080 2539 qua
1101 2452 1207 2518 minine

263 2544 373 2603 densae
387 2542 535 2604 micabant
549 2543 702 2614 flammae,
727 2542 807 2604 velut
821 2544 999 2604 tutissimum
1014 2544 1072 2605 iter
1088 2540 1204 2620 petentes

263 2642 377 2684 summa
393 2627 537 2686 montium
550 2627 628 2703 iuga,
643 2636 743 2688 tamen
758 2629 789 2687 in
805 2625 947 2707 quosdam
966 2625 1056 2687 boves
1077 2621 1205 2705 palense

238 2708 326 2767 bsuis
341 2705 478 2785 gregibus
492 2706 669 2769 inciderunt.
702 2716 731 2768 et
742 2712 838 2789 primo
856 2728 922 2770 cum
937 2709 1041 2788 procul
1054 2700 1202 2771 cerneressl

262 2788 352 2851 veluti
365 2790 497 2850 llammas
511 2791 686 2870 spirantium
708 2792 850 2855 miraculo
871 2792 994 2853 adtoniti
1010 2783 1202 2869 constiterunt}

236 2874 371 2936 tdeinde
392 2882 425 2936 ut
445 2872 574 2936 bumana
593 2876 728 2956 appamit
748 2876 843 2946 fraus,
864 2883 928 2938 tum
941 2894 1012 2937 vero
1027 2874 1145 2937 insidias
1159 2865 1204 2953 rel}
1266 2926 1267 2951 2

263 2977 342 3030 esse,
365 2977 433 3021 cum
453 2961 565 3022 maiore
592 2959 717 3021 tumultu
739 2960 888 3021 concitant
912 2978 944 3019 se
962 2961 993 3020 in
1021 2961 1126 3039 lugam.
1155 2946 1201 3006 ΙΝ
1266 2962 1267 2991 ¹

263 3061 379 3124 quoque
390 3051 556 3105 armaturae
568 3044 697 3103 bostium
706 3044 875 3112 incurrero
887 3050 1019 3104 ceterum
1031 3033 1202 3113 noxaequtl)

235 3136 249 3185 t
262 3129 368 3190 timore
378 3135 500 3188 neutros
512 3145 641 3207 pugnam
648 3126 815 3206 incipientis
821 3126 858 3186 ad
873 3125 969 3188 lucem
982 3128 1083 3188 tenuit.
1106 3124 1199 3182 interea

263 3218 324 3272 toto
339 3212 455 3289 agmine
468 3209 614 3271 Hannibal
629 3209 798 3271 transducto
814 3228 868 3288 per
882 3208 988 3271 saltum
1002 3218 1031 3271 et
1045 3197 1200 3290 quibusdam

263 3296 293 3354 in
316 3296 380 3373 ipso
401 3293 476 3355 saltu
494 3295 622 3354 hostium
648 3295 796 3373 oppressis
818 3294 850 3352 in
873 3311 945 3371 agro
970 3293 1094 3354 Allifano
1118 3278 1199 3366 p⁰³¹¹¹¹
1266 3290 1267 3299 ’

264 3383 367 3439 castra.

239 3466 251 3515 i
326 3459 425 3519 XVlll.
456 3461 539 3520 Hunc
554 3458 710 3521 tumultum
725 3461 816 3520 sensit
833 3459 954 3521 Fabius:
982 3467 1111 3520 ceterum
1126 3445 1197 3510 etin·
1266 3418 1267 3487 l
