2575 4067
18 4 285 386 st
355 212 547 292 6166611111.
564 211 632 255 oar.
647 201 689 250 11.
702 201 745 250 16
761 199 804 251 16.
824 190 863 273 [6
879 214 910 254 6.
926 190 1031 272 61138]

219 359 390 456 dissipatum
404 358 472 436 luga
488 331 547 430 est,
567 367 677 421 stratae
694 376 748 438 per
775 358 905 420 omnem
899 359 1032 477 16666116
1048 361 1181 437 agminis

218 441 374 503 ordinem
366 450 502 520 16166166
517 450 594 502 sunt

194 531 206 583 t
279 525 364 587 XXV.
391 525 452 587 llac
462 505 594 594 nuntiata
609 524 691 585 clade
706 543 773 586 cum
787 523 914 605 6616166
928 468 1058 586 multos
1049 542 1082 585 16
1095 533 1194 587 16616.-

102 684 108 692 .
216 626 325 688 pavore
344 609 446 670 1616661
467 609 582 679 6111166,
604 616 637 669 61
657 607 786 669 tabernis
806 607 1009 669 616661616161
1029 617 1179 670 nocturna

217 691 373 754 6611166166
384 709 440 771 661
450 690 556 752 6111661
566 699 757 753 actasenatus
768 690 912 753 aedilibus
924 691 1177 769 negotiumdaret,

191 784 249 836 161
273 775 378 837 6111661
405 775 596 836 circumirent
616 776 782 855 aperirique
806 774 943 836 tabernas
963 782 993 834 61
1011 777 1179 836 maestitiae

217 857 352 938 publicae
362 859 492 939 speciem
504 856 573 919 61111
586 856 664 918 66611
675 851 828 929 iuberent,
831 865 907 919 ’1616
921 857 965 918 Ti.
982 857 1177 938 Sempronius

189 949 350 1004 166661661
364 940 467 1003 habult
480 937 704 1019 consolatusque
719 943 818 1019 patres
830 950 875 1002 est
889 948 918 1001 61
928 939 1109 1012 adhortatus,
1127 960 1172 1010 66,

218 1027 269 1106 qul
282 1024 429 1087 66666661
445 1025 547 1085 161666
561 1041 621 1084 666
637 1023 875 1093 succubuissent,
900 1023 937 1085 ad
951 1023 1084 1084 minores
1099 1024 1176 1085 cala·
1199 1070 1206 1080 .

217 1110 332 1169 61116166
360 1109 474 1169 6611666
496 1106 712 1168 66111611161661.
752 1107 830 1187 quod
856 1107 893 1167 ad
918 1108 1177 1185 Carthaginienses

190 1192 316 1253 sbostes
336 1183 588 1270 Hannibalemque
604 1190 760 1260 attineret,
793 1207 936 1269 prospera
955 1190 1044 1250 modo
1065 1200 1175 1260 essent,
1227 1209 1231 1214 ·

202 1278 293 1336 61661
306 1282 440 1354 speraret
455 1275 568 1342 lutura,
596 1271 739 1334 Gallicum
759 1271 870 1333 bellum
891 1281 920 1333 et
942 1274 1037 1333 6611111
1057 1280 1122 1334 1616
1147 1282 1173 1334 61

218 1357 330 1419 61116111
343 1374 446 1437 posse,
463 1355 662 1435 ultionemque
677 1374 742 1418 eam
758 1355 892 1416 fraudis
885 1373 915 1416 16
933 1356 1056 1417 6661661
1071 1374 1107 1417 66
1120 1375 1176 1436 66·

218 1439 674 1520 6611116616616616616161616;
697 1439 735 1499 de
755 1439 838 1500 hoste
858 1439 957 1500 Poeno
982 1438 1176 1501 exercitibus·

217 1543 289 1604 que,
308 1542 452 1622 6616666
469 1524 499 1584 id
515 1522 624 1583 bellum
647 1532 815 1599 gereretur,
839 1521 1064 1583 consultandum
1085 1531 1176 1603 atque

189 1607 396 1686 tagitandum.
423 1608 485 1686 ipse
493 1608 644 1705 primum,
658 1607 728 1685 6616
742 1605 874 1685 66611616
889 1607 1086 1685 equitumque,
1103 1606 1175 1686 quid

217 1691 337 1760 civium,
354 1690 424 1769 quid
441 1691 598 1750 sociorum
602 1690 632 1747 16
649 1691 780 1751 61616116
798 1696 875 1749 66661
897 1689 1061 1760 dictatoris,
1082 1689 1175 1751 disse·

175 1795 177 1798 ’
215 1774 291 1841 1611;
311 1782 372 1833 1616
386 1770 541 1834 Marcellus
557 1789 679 1833 suarum
699 1775 850 1853 copiarum
866 1790 1011 1833 summam
1029 1775 1174 1852 61666611.

190 1855 318 1936 66616
310 1873 341 1916 16
357 1854 460 1935 1166116
481 1872 549 1916 6661
564 1856 606 1918 C.
617 1855 756 1916 Terentio
776 1854 897 1917 consule
917 1865 1009 1924 esset,
1031 1876 1046 1917 a
1070 1859 1176 1935 peritis

216 1941 379 2019 quaesitum
396 1947 449 2000 661.
482 1956 553 2009 666,
568 1938 648 2002 6666
664 1938 832 2000 consulares
847 1941 993 1999 616161166
1008 1940 1078 1999 satis
1095 1941 1176 2001 111611

216 2023 253 2084 66
269 2031 382 2084 1661661
397 2021 507 2083 bellum
518 2022 722 2092 efficerentur,
738 2022 868 2082 inibatur
881 2023 967 2083 16116.
995 2025 1094 2101 116666
1105 2023 1176 2084 Gal·
1273 2043 1277 2046 ·

216 2106 299 2177 llam,
318 2124 493 2186 quamquam
508 2104 677 2166 stimulabat
691 2106 768 2166 iusta
782 2107 841 2176 ira,
857 2108 952 2166 omitti
966 2124 1002 2167 eo
1017 2123 1095 2167 anno
1110 2105 1162 2185 pla

190 2192 286 2251 acuit.
315 2191 462 2251 exercitus
477 2188 627 2250 dictatoris
639 2188 752 2249 consuli
766 2190 903 2251 decretus
914 2198 967 2251 est.
990 2188 1175 2251 6661616116
1266 2257 1272 2268 ,

123 2353 125 2355 v
214 2272 253 2334 bl.
271 2272 418 2343 ldarcelli,
437 2273 487 2353 qul
502 2289 656 2334 66166161
670 2272 739 2350 iuga
754 2273 902 2335 Cannensi
917 2282 1029 2341 essent,
1049 2274 1082 2333 16
1100 2273 1175 2334 Sici·

215 2353 285 2417 11661
300 2374 351 2418 666
367 2356 482 2418 1166661
496 2363 584 2436 atque
599 2354 641 2416 ibi
656 2355 798 2427 militare,
814 2356 935 2418 66666
922 2375 954 2418 m
969 2355 1052 2418 116116
1062 2354 1175 2417 bellum

89 2513 91 2516 Ι
188 2446 307 2510 flesset,
326 2441 449 2521 placuit,
471 2440 575 2501 eodem
599 2458 634 2500 61
656 2439 720 2500 1661
742 2439 893 2501 dictatoris
914 2438 1082 2518 legionibus
1101 2442 1175 2500 16161

214 2522 338 2584 militem
353 2525 468 2584 minimi
478 2541 624 2604 quemque
640 2524 756 2584 roboris
771 2522 851 2583 nullo
863 2525 1036 2603 praestituto
1050 2522 1174 2583 militiae

189 2611 363 2682 916616616,
378 2606 964 2686 6161666661166661616611661116161661
980 2615 1065 2666 66661.
1097 2606 1174 2666 6666

214 2686 346 2765 legiones
361 2688 492 2749 urbanae
507 2688 733 2760 6116116666161,
760 2691 811 2768 qui
830 2691 861 2750 16
875 2690 972 2751 166661
984 2690 1021 2759 L.
1040 2690 1175 2751 Postumi

214 2769 353 2833 suffectus
368 2780 460 2841 esset,
478 2772 614 2833 decretae
629 2780 711 2843 sunt,
727 2790 867 2853 eumque,
886 2792 953 2834 cum
967 2774 1098 2853 primum
1111 2773 1175 2850 sal·

174 2860 206 2914 10
217 2856 259 2916 vis
273 2857 410 2936 666616116
416 2864 524 2935 666661,
541 2856 761 2937 6166116166611.
787 2856 918 2935 legiones
932 2864 1086 2936 praeterea
1100 2857 1176 2917 duas

214 2941 311 3019 primo
326 2958 443 3020 quoque
459 2949 592 3020 tempore
610 2961 647 3002 ex
659 2938 757 3002 Sicilia
773 2941 863 3000 acciri
879 2948 967 3019 atque
980 2938 1050 3000 inde
1065 2957 1175 3002 consu·

214 3022 287 3094 lem,
313 3025 360 3085 cui
382 3023 513 3102 legiones
539 3022 670 3085 urbanae
698 3025 877 3094 evenissent,
902 3021 1028 3084 militum
1053 3041 1176 3085 sumere

174 3112 356 3187 1166661661
372 3125 446 3186 6666
463 3116 548 3168 esset.
574 3108 608 3183 11.
625 3107 765 3168 Terentio
780 3107 893 3168 consuli
907 3108 1065 3188 propagari
1076 3109 1109 3166 in
1120 3125 1175 3167 an·
1269 3097 1285 3144 ⁸¹

213 3207 284 3257 num
295 3192 461 3269 imperium,
477 3209 571 3271 neque
583 3191 620 3251 de
635 3209 670 3252 eo
685 3193 825 3261 61616116,
844 3208 931 3270 66616
941 3190 977 3250 66
992 3189 1174 3269 praesidium
1276 3194 1278 3205 “

212 3272 332 3352 Apuliae
347 3274 484 3346 haberet,
498 3277 656 3355 quicquam
668 3275 770 3335 minui.
784 3320 790 3331 .

187 3361 200 3412 t
274 3356 371 3417 xxvt.
408 3357 1175 3437 11661666161161166616616166661661616116,
1273 3410 1288 3437 „

212 3438 304 3498 nihilo
318 3441 438 3515 segnius
452 3442 483 3502 in
499 3442 638 3518 llispania
656 3440 766 3501 bellum
790 3450 866 3509 erat,
885 3441 938 3502 sed
953 3440 988 3502 ad
1011 3459 1077 3502 eam
1094 3440 1175 3503 (11661
