<?xml version="1.0" encoding="UTF-8"?>
<!DOCTYPE html PUBLIC "-//W3C//DTD XHTML 1.0 Transitional//EN"
    "http://www.w3.org/TR/xhtml1/DTD/xhtml1-transitional.dtd">
<html xmlns="http://www.w3.org/1999/xhtml" xml:lang="en" lang="en">
 <head>
  <title>
</title>
<meta http-equiv="Content-Type" content="text/html;charset=utf-8" />
  <meta name='ocr-system' content='tesseract 3.04.00' />
  <meta name='ocr-capabilities' content='ocr_page ocr_carea ocr_par ocr_line ocrx_word'/>
</head>
<body>
  <div class='ocr_page' id='page_1' title='image "./aburbeconditali12livygoog_0219.png"; bbox 0 0 2575 4067; ppageno 0'>
   <div class='ocr_carea' id='block_1_1' title="bbox 312 240 1066 325">
    <p class='ocr_par' dir='ltr' id='par_1_1' title="bbox 312 240 1066 325">
     <span class='ocr_line' id='line_1_1' title="bbox 312 240 1066 325; baseline 0.013 -24"><span class='ocrx_word' id='word_1_1' title='bbox 312 259 406 302; x_wconf 80' lang='lat' dir='ltr'>urana</span> <span class='ocrx_word' id='word_1_2' title='bbox 421 260 485 304; x_wconf 82' lang='lat' dir='ltr'>m.</span> <span class='ocrx_word' id='word_1_3' title='bbox 501 260 569 305; x_wconf 80' lang='lat' dir='ltr'>car.</span> <span class='ocrx_word' id='word_1_4' title='bbox 586 248 626 303; x_wconf 87' lang='lat'>10.</span> <span class='ocrx_word' id='word_1_5' title='bbox 644 249 685 304; x_wconf 90' lang='lat'>11.</span> <span class='ocrx_word' id='word_1_6' title='bbox 700 240 739 323; x_wconf 79' lang='lat' dir='ltr'>[a.</span> <span class='ocrx_word' id='word_1_7' title='bbox 756 243 791 305; x_wconf 84' lang='lat' dir='ltr'>O.</span> <span class='ocrx_word' id='word_1_8' title='bbox 805 243 866 325; x_wconf 77' lang='lat'>218]</span> <span class='ocrx_word' id='word_1_9' title='bbox 1005 246 1066 310; x_wconf 79' lang='lat'>213</span> 
     </span>
    </p>
   </div>
   <div class='ocr_carea' id='block_1_2' title="bbox 111 405 1119 3570">
    <p class='ocr_par' dir='ltr' id='par_1_2' title="bbox 111 405 1119 2653">
     <span class='ocr_line' id='line_1_2' title="bbox 111 405 1068 488; baseline 0 -18"><span class='ocrx_word' id='word_1_10' title='bbox 111 409 215 473; x_wconf 89' lang='lat' dir='ltr'>loedus</span> <span class='ocrx_word' id='word_1_11' title='bbox 229 408 370 488; x_wconf 81' lang='lat' dir='ltr'><strong>rupisset,</strong></span> <span class='ocrx_word' id='word_1_12' title='bbox 387 414 507 468; x_wconf 84' lang='lat' dir='ltr'>eventus</span> <span class='ocrx_word' id='word_1_13' title='bbox 520 405 591 468; x_wconf 88' lang='lat' dir='ltr'>belli</span> <span class='ocrx_word' id='word_1_14' title='bbox 601 406 680 468; x_wconf 80' lang='lat' dir='ltr'>velut</span> <span class='ocrx_word' id='word_1_15' title='bbox 695 426 804 488; x_wconf 87' lang='lat' dir='ltr'>aequus</span> <span class='ocrx_word' id='word_1_16' title='bbox 814 407 915 480; x_wconf 83' lang='lat' dir='ltr'>iudex,</span> <span class='ocrx_word' id='word_1_17' title='bbox 930 408 1009 472; x_wconf 89' lang='lat' dir='ltr'>unde</span> <span class='ocrx_word' id='word_1_18' title='bbox 1021 410 1068 470; x_wconf 87' lang='lat' dir='ltr'>lus</span> 
     </span>
     <span class='ocr_line' id='line_1_3' title="bbox 111 474 1110 578; baseline -0.004 -23"><span class='ocrx_word' id='word_1_19' title='bbox 111 492 214 562; x_wconf 88' lang='lat' dir='ltr'>stabat,</span> <span class='ocrx_word' id='word_1_20' title='bbox 225 489 518 578; x_wconf 69' lang='lat' dir='ltr'>⁴qivictoriamdedlt.</span> <span class='ocrx_word' id='word_1_21' title='bbox 544 490 711 568; x_wconf 75' lang='lat' dir='ltr'>Carthagini</span> <span class='ocrx_word' id='word_1_22' title='bbox 725 474 1067 555; x_wconf 62' lang='lat' dir='ltr'>nuncHannibaHHreas</span> <span class='ocrx_word' id='word_1_23' title='bbox 1078 497 1110 552; x_wconf 75' lang='lat' dir='ltr'>lt</span> 
     </span>
     <span class='ocr_line' id='line_1_4' title="bbox 112 574 1068 655; baseline -0.001 -17"><span class='ocrx_word' id='word_1_24' title='bbox 112 585 267 655; x_wconf 90' lang='lat' dir='ltr'>turresque</span> <span class='ocrx_word' id='word_1_25' title='bbox 283 574 431 645; x_wconf 83' lang='lat' dir='ltr'>admovet,</span> <span class='ocrx_word' id='word_1_26' title='bbox 453 574 635 652; x_wconf 78' lang='lat' dir='ltr'>Carthaginis</span> <span class='ocrx_word' id='word_1_27' title='bbox 650 575 766 636; x_wconf 89' lang='lat' dir='ltr'>moenia</span> <span class='ocrx_word' id='word_1_28' title='bbox 781 577 872 654; x_wconf 90' lang='lat' dir='ltr'>quatit</span> <span class='ocrx_word' id='word_1_29' title='bbox 887 577 993 637; x_wconf 85' lang='lat' dir='ltr'>ariete:</span> <span class='ocrx_word' id='word_1_30' title='bbox 1016 577 1068 637; x_wconf 91' lang='lat' dir='ltr'>Sa·</span> 
     </span>
     <span class='ocr_line' id='line_1_5' title="bbox 112 656 1069 739; baseline -0.002 -18"><span class='ocrx_word' id='word_1_31' title='bbox 112 660 195 739; x_wconf 86' lang='lat' dir='ltr'>guoti</span> <span class='ocrx_word' id='word_1_32' title='bbox 208 660 313 719; x_wconf 87' lang='lat' dir='ltr'>ruinae</span> <span class='ocrx_word' id='word_1_33' title='bbox 326 691 369 703; x_wconf 94' lang='lat'>—</span> <span class='ocrx_word' id='word_1_34' title='bbox 384 656 474 719; x_wconf 87' lang='lat' dir='ltr'>lalsus</span> <span class='ocrx_word' id='word_1_35' title='bbox 487 658 599 718; x_wconf 88' lang='lat' dir='ltr'>utinam</span> <span class='ocrx_word' id='word_1_36' title='bbox 621 663 701 719; x_wconf 83' lang='lat' dir='ltr'>vates</span> <span class='ocrx_word' id='word_1_37' title='bbox 715 659 771 718; x_wconf 91' lang='lat' dir='ltr'>sim</span> <span class='ocrx_word' id='word_1_38' title='bbox 789 691 824 702; x_wconf 94' lang='lat'>-</span> <span class='ocrx_word' id='word_1_39' title='bbox 842 660 951 719; x_wconf 90' lang='lat' dir='ltr'>nostris</span> <span class='ocrx_word' id='word_1_40' title='bbox 968 660 1069 738; x_wconf 90' lang='lat' dir='ltr'>capiti·</span> 
     </span>
     <span class='ocr_line' id='line_1_6' title="bbox 112 740 1069 820; baseline -0.003 -16"><span class='ocrx_word' id='word_1_41' title='bbox 112 743 167 804; x_wconf 91' lang='lat' dir='ltr'>bns</span> <span class='ocrx_word' id='word_1_42' title='bbox 182 741 322 811; x_wconf 89' lang='lat' dir='ltr'>incident,</span> <span class='ocrx_word' id='word_1_43' title='bbox 338 748 565 820; x_wconf 90' lang='lat' dir='ltr'>susceptumque</span> <span class='ocrx_word' id='word_1_44' title='bbox 578 758 645 801; x_wconf 90' lang='lat' dir='ltr'>cum</span> <span class='ocrx_word' id='word_1_45' title='bbox 658 741 826 819; x_wconf 81' lang='lat' dir='ltr'>Saguntinis</span> <span class='ocrx_word' id='word_1_46' title='bbox 836 741 946 803; x_wconf 82' lang='lat' dir='ltr'>bellum</span> <span class='ocrx_word' id='word_1_47' title='bbox 957 740 1069 802; x_wconf 89' lang='lat' dir='ltr'>baben·</span> 
     </span>
     <span class='ocr_line' id='line_1_7' title="bbox 112 823 1109 902; baseline -0.004 -15"><span class='ocrx_word' id='word_1_48' title='bbox 112 826 183 888; x_wconf 88' lang='lat' dir='ltr'>dum</span> <span class='ocrx_word' id='word_1_49' title='bbox 198 842 265 886; x_wconf 92' lang='lat' dir='ltr'>cum</span> <span class='ocrx_word' id='word_1_50' title='bbox 281 824 421 886; x_wconf 84' lang='lat' dir='ltr'>Romanis</span> <span class='ocrx_word' id='word_1_51' title='bbox 436 832 488 886; x_wconf 87' lang='lat' dir='ltr'>est.</span> <span class='ocrx_word' id='word_1_52' title='bbox 523 823 664 885; x_wconf 90' lang='lat' dir='ltr'>dedemus</span> <span class='ocrx_word' id='word_1_53' title='bbox 680 841 750 902; x_wconf 89' lang='lat' dir='ltr'>ergo</span> <span class='ocrx_word' id='word_1_54' title='bbox 765 824 976 886; x_wconf 70' lang='lat' dir='ltr'>Hannibalem?</span> <span class='ocrx_word' id='word_1_55' title='bbox 991 823 1068 886; x_wconf 88' lang='lat' dir='ltr'>dicet</span> <span class='ocrx_word' id='word_1_56' title='bbox 1080 829 1109 884; x_wconf 88' lang='lat' dir='ltr'>lt</span> 
     </span>
     <span class='ocr_line' id='line_1_8' title="bbox 112 905 1072 989; baseline -0.001 -19"><span class='ocrx_word' id='word_1_57' title='bbox 112 908 227 988; x_wconf 86' lang='lat' dir='ltr'>aliquis.</span> <span class='ocrx_word' id='word_1_58' title='bbox 258 909 319 968; x_wconf 87' lang='lat' dir='ltr'>solo</span> <span class='ocrx_word' id='word_1_59' title='bbox 335 925 432 970; x_wconf 89' lang='lat' dir='ltr'>meam</span> <span class='ocrx_word' id='word_1_60' title='bbox 443 905 538 968; x_wconf 87' lang='lat' dir='ltr'>levem</span> <span class='ocrx_word' id='word_1_61' title='bbox 553 926 617 970; x_wconf 90' lang='lat' dir='ltr'>esse</span> <span class='ocrx_word' id='word_1_62' title='bbox 632 908 663 967; x_wconf 90' lang='lat' dir='ltr'>in</span> <span class='ocrx_word' id='word_1_63' title='bbox 680 926 715 969; x_wconf 89' lang='lat' dir='ltr'>eo</span> <span class='ocrx_word' id='word_1_64' title='bbox 731 911 935 970; x_wconf 85' lang='lat' dir='ltr'>auctoritatem</span> <span class='ocrx_word' id='word_1_65' title='bbox 948 914 1072 989; x_wconf 90' lang='lat' dir='ltr'>propter</span> 
     </span>
     <span class='ocr_line' id='line_1_9' title="bbox 111 990 1071 1072; baseline 0 -21"><span class='ocrx_word' id='word_1_66' title='bbox 111 998 252 1072; x_wconf 89' lang='lat' dir='ltr'>paternas</span> <span class='ocrx_word' id='word_1_67' title='bbox 264 990 447 1060; x_wconf 69' lang='lat' dir='ltr'>inimicitas:</span> <span class='ocrx_word' id='word_1_68' title='bbox 460 991 513 1052; x_wconf 87' lang='lat' dir='ltr'>scd</span> <span class='ocrx_word' id='word_1_69' title='bbox 525 997 554 1052; x_wconf 90' lang='lat' dir='ltr'>et</span> <span class='ocrx_word' id='word_1_70' title='bbox 564 990 762 1053; x_wconf 84' lang='lat' dir='ltr'>Hamilcarem</span> <span class='ocrx_word' id='word_1_71' title='bbox 778 1009 813 1053; x_wconf 90' lang='lat' dir='ltr'>eo</span> <span class='ocrx_word' id='word_1_72' title='bbox 823 993 936 1072; x_wconf 89' lang='lat' dir='ltr'>perisse</span> <span class='ocrx_word' id='word_1_73' title='bbox 948 992 1071 1053; x_wconf 85' lang='lat' dir='ltr'>laetatus</span> 
     </span>
     <span class='ocr_line' id='line_1_10' title="bbox 112 1072 1071 1154; baseline 0.001 -21"><span class='ocrx_word' id='word_1_74' title='bbox 112 1093 196 1145; x_wconf 89' lang='lat' dir='ltr'>sum,</span> <span class='ocrx_word' id='word_1_75' title='bbox 217 1072 309 1154; x_wconf 90' lang='lat' dir='ltr'>quod,</span> <span class='ocrx_word' id='word_1_76' title='bbox 330 1075 355 1134; x_wconf 89' lang='lat' dir='ltr'>sl</span> <span class='ocrx_word' id='word_1_77' title='bbox 376 1073 426 1135; x_wconf 85' lang='lat' dir='ltr'>ille</span> <span class='ocrx_word' id='word_1_78' title='bbox 446 1076 571 1145; x_wconf 82' lang='lat' dir='ltr'>viveret,</span> <span class='ocrx_word' id='word_1_79' title='bbox 592 1073 703 1136; x_wconf 91' lang='lat' dir='ltr'>bellum</span> <span class='ocrx_word' id='word_1_80' title='bbox 722 1076 781 1136; x_wconf 92' lang='lat' dir='ltr'>iam</span> <span class='ocrx_word' id='word_1_81' title='bbox 802 1075 979 1136; x_wconf 76' lang='lat' dir='ltr'>haberemus</span> <span class='ocrx_word' id='word_1_82' title='bbox 1004 1092 1071 1134; x_wconf 87' lang='lat' dir='ltr'>cum</span> 
     </span>
     <span class='ocr_line' id='line_1_11' title="bbox 113 1157 1070 1238; baseline 0 -21"><span class='ocrx_word' id='word_1_83' title='bbox 113 1158 269 1225; x_wconf 83' lang='lat' dir='ltr'>Romanis,</span> <span class='ocrx_word' id='word_1_84' title='bbox 298 1166 328 1218; x_wconf 92' lang='lat' dir='ltr'>et</span> <span class='ocrx_word' id='word_1_85' title='bbox 347 1157 428 1218; x_wconf 92' lang='lat' dir='ltr'>hunc</span> <span class='ocrx_word' id='word_1_86' title='bbox 457 1159 593 1219; x_wconf 88' lang='lat' dir='ltr'>iuvenem</span> <span class='ocrx_word' id='word_1_87' title='bbox 618 1166 769 1238; x_wconf 67' lang='lat' dir='ltr'>umquam</span> <span class='ocrx_word' id='word_1_88' title='bbox 789 1159 896 1220; x_wconf 87' lang='lat' dir='ltr'>iuriam</span> <span class='ocrx_word' id='word_1_89' title='bbox 916 1159 1070 1238; x_wconf 86' lang='lat' dir='ltr'>lacemque</span> 
     </span>
     <span class='ocr_line' id='line_1_12' title="bbox 113 1238 1114 1320; baseline -0.003 -19"><span class='ocrx_word' id='word_1_90' title='bbox 113 1240 201 1301; x_wconf 89' lang='lat' dir='ltr'>huius</span> <span class='ocrx_word' id='word_1_91' title='bbox 214 1238 283 1301; x_wconf 90' lang='lat' dir='ltr'>belli</span> <span class='ocrx_word' id='word_1_92' title='bbox 296 1240 346 1301; x_wconf 88' lang='lat' dir='ltr'>odi</span> <span class='ocrx_word' id='word_1_93' title='bbox 363 1258 398 1301; x_wconf 87' lang='lat' dir='ltr'>ac</span> <span class='ocrx_word' id='word_1_94' title='bbox 413 1240 558 1312; x_wconf 90' lang='lat' dir='ltr'>detestor;</span> <span class='ocrx_word' id='word_1_95' title='bbox 579 1259 635 1303; x_wconf 90' lang='lat' dir='ltr'>nec</span> <span class='ocrx_word' id='word_1_96' title='bbox 656 1241 823 1303; x_wconf 88' lang='lat' dir='ltr'>dedendum</span> <span class='ocrx_word' id='word_1_97' title='bbox 837 1241 933 1304; x_wconf 88' lang='lat' dir='ltr'>solum</span> <span class='ocrx_word' id='word_1_98' title='bbox 952 1242 990 1303; x_wconf 91' lang='lat' dir='ltr'>ad</span> <span class='ocrx_word' id='word_1_99' title='bbox 1007 1243 1114 1320; x_wconf 80' lang='lat' dir='ltr'>pla-1²</span> 
     </span>
     <span class='ocr_line' id='line_1_13' title="bbox 113 1322 1071 1404; baseline 0.001 -20"><span class='ocrx_word' id='word_1_100' title='bbox 113 1322 212 1385; x_wconf 91' lang='lat' dir='ltr'>culum</span> <span class='ocrx_word' id='word_1_101' title='bbox 223 1325 303 1404; x_wconf 91' lang='lat' dir='ltr'>rupti</span> <span class='ocrx_word' id='word_1_102' title='bbox 317 1322 461 1395; x_wconf 84' lang='lat' dir='ltr'>foederis,</span> <span class='ocrx_word' id='word_1_103' title='bbox 478 1323 546 1396; x_wconf 90' lang='lat' dir='ltr'>sed,</span> <span class='ocrx_word' id='word_1_104' title='bbox 562 1325 689 1386; x_wconf 91' lang='lat' dir='ltr'>sinemo</span> <span class='ocrx_word' id='word_1_105' title='bbox 705 1324 851 1404; x_wconf 89' lang='lat' dir='ltr'>deposcit,</span> <span class='ocrx_word' id='word_1_106' title='bbox 867 1324 1071 1386; x_wconf 88' lang='lat' dir='ltr'>devehendum</span> 
     </span>
     <span class='ocr_line' id='line_1_14' title="bbox 114 1406 1070 1488; baseline -0.001 -20"><span class='ocrx_word' id='word_1_107' title='bbox 114 1409 144 1468; x_wconf 90' lang='lat' dir='ltr'>in</span> <span class='ocrx_word' id='word_1_108' title='bbox 159 1406 277 1468; x_wconf 90' lang='lat' dir='ltr'>ultimas</span> <span class='ocrx_word' id='word_1_109' title='bbox 291 1408 382 1467; x_wconf 90' lang='lat' dir='ltr'>maris</span> <span class='ocrx_word' id='word_1_110' title='bbox 396 1414 603 1488; x_wconf 87' lang='lat' dir='ltr'>terrarumque</span> <span class='ocrx_word' id='word_1_111' title='bbox 614 1425 696 1478; x_wconf 89' lang='lat' dir='ltr'>oras,</span> <span class='ocrx_word' id='word_1_112' title='bbox 711 1406 906 1488; x_wconf 85' lang='lat' dir='ltr'>ablegandum</span> <span class='ocrx_word' id='word_1_113' title='bbox 922 1426 975 1478; x_wconf 90' lang='lat' dir='ltr'>eo,</span> <span class='ocrx_word' id='word_1_114' title='bbox 991 1407 1070 1468; x_wconf 88' lang='lat' dir='ltr'>unde</span> 
     </span>
     <span class='ocr_line' id='line_1_15' title="bbox 114 1488 1071 1571; baseline 0 -20"><span class='ocrx_word' id='word_1_115' title='bbox 114 1508 169 1552; x_wconf 91' lang='lat' dir='ltr'>nec</span> <span class='ocrx_word' id='word_1_116' title='bbox 183 1490 218 1552; x_wconf 93' lang='lat' dir='ltr'>ad</span> <span class='ocrx_word' id='word_1_117' title='bbox 232 1508 287 1551; x_wconf 90' lang='lat' dir='ltr'>nos</span> <span class='ocrx_word' id='word_1_118' title='bbox 302 1508 411 1552; x_wconf 87' lang='lat' dir='ltr'>nomen</span> <span class='ocrx_word' id='word_1_119' title='bbox 427 1491 562 1571; x_wconf 87' lang='lat' dir='ltr'>famaque</span> <span class='ocrx_word' id='word_1_120' title='bbox 580 1492 643 1553; x_wconf 88' lang='lat' dir='ltr'>eius</span> <span class='ocrx_word' id='word_1_121' title='bbox 658 1490 801 1552; x_wconf 83' lang='lat' dir='ltr'>accedere</span> <span class='ocrx_word' id='word_1_122' title='bbox 815 1509 911 1571; x_wconf 88' lang='lat' dir='ltr'>neque</span> <span class='ocrx_word' id='word_1_123' title='bbox 924 1489 975 1552; x_wconf 91' lang='lat' dir='ltr'>ille</span> <span class='ocrx_word' id='word_1_124' title='bbox 992 1488 1071 1551; x_wconf 89' lang='lat' dir='ltr'>solli·</span> 
     </span>
     <span class='ocr_line' id='line_1_16' title="bbox 114 1572 1114 1654; baseline -0.002 -18"><span class='ocrx_word' id='word_1_125' title='bbox 114 1577 205 1636; x_wconf 90' lang='lat' dir='ltr'>citare</span> <span class='ocrx_word' id='word_1_126' title='bbox 222 1574 337 1652; x_wconf 85' lang='lat' dir='ltr'>quietae</span> <span class='ocrx_word' id='word_1_127' title='bbox 353 1574 476 1634; x_wconf 86' lang='lat' dir='ltr'>civitatis</span> <span class='ocrx_word' id='word_1_128' title='bbox 491 1582 599 1636; x_wconf 91' lang='lat' dir='ltr'>statum</span> <span class='ocrx_word' id='word_1_129' title='bbox 619 1577 720 1654; x_wconf 91' lang='lat' dir='ltr'>possit.</span> <span class='ocrx_word' id='word_1_130' title='bbox 757 1592 812 1653; x_wconf 89' lang='lat' dir='ltr'>ego</span> <span class='ocrx_word' id='word_1_131' title='bbox 827 1576 866 1635; x_wconf 86' lang='lat' dir='ltr'>ita</span> <span class='ocrx_word' id='word_1_132' title='bbox 882 1592 1005 1644; x_wconf 89' lang='lat' dir='ltr'>censeo,</span> <span class='ocrx_word' id='word_1_133' title='bbox 1028 1572 1069 1635; x_wconf 92' lang='lat' dir='ltr'>le·</span> <span class='ocrx_word' id='word_1_134' title='bbox 1082 1577 1114 1630; x_wconf 77' lang='grc'>13</span> 
     </span>
     <span class='ocr_line' id='line_1_17' title="bbox 114 1654 1070 1738; baseline 0.001 -22"><span class='ocrx_word' id='word_1_135' title='bbox 114 1665 199 1736; x_wconf 84' lang='lat' dir='ltr'>gatos</span> <span class='ocrx_word' id='word_1_136' title='bbox 211 1654 357 1735; x_wconf 84' lang='lat' dir='ltr'>extemplo</span> <span class='ocrx_word' id='word_1_137' title='bbox 371 1656 495 1717; x_wconf 87' lang='lat' dir='ltr'>Romam</span> <span class='ocrx_word' id='word_1_138' title='bbox 507 1657 680 1730; x_wconf 86' lang='lat' dir='ltr'>mittendos,</span> <span class='ocrx_word' id='word_1_139' title='bbox 693 1660 743 1738; x_wconf 90' lang='lat' dir='ltr'>qui</span> <span class='ocrx_word' id='word_1_140' title='bbox 758 1659 871 1719; x_wconf 89' lang='lat' dir='ltr'>senatui</span> <span class='ocrx_word' id='word_1_141' title='bbox 883 1658 1070 1725; x_wconf 79' lang='lat' dir='ltr'>satisfaciant,</span> 
     </span>
     <span class='ocr_line' id='line_1_18' title="bbox 114 1738 1071 1820; baseline 0.001 -20"><span class='ocrx_word' id='word_1_142' title='bbox 114 1739 201 1811; x_wconf 90' lang='lat' dir='ltr'>alios,</span> <span class='ocrx_word' id='word_1_143' title='bbox 228 1741 278 1818; x_wconf 93' lang='lat' dir='ltr'>qul</span> <span class='ocrx_word' id='word_1_144' title='bbox 300 1738 457 1801; x_wconf 87' lang='lat' dir='ltr'>Hannibali</span> <span class='ocrx_word' id='word_1_145' title='bbox 476 1744 627 1811; x_wconf 86' lang='lat' dir='ltr'>nuntient,</span> <span class='ocrx_word' id='word_1_146' title='bbox 650 1749 685 1802; x_wconf 93' lang='lat' dir='ltr'>ut</span> <span class='ocrx_word' id='word_1_147' title='bbox 707 1742 868 1803; x_wconf 84' lang='lat' dir='ltr'>exercitum</span> <span class='ocrx_word' id='word_1_148' title='bbox 888 1741 925 1803; x_wconf 93' lang='lat' dir='ltr'>ab</span> <span class='ocrx_word' id='word_1_149' title='bbox 941 1741 1071 1820; x_wconf 79' lang='lat' dir='ltr'>Sagunto</span> 
     </span>
     <span class='ocr_line' id='line_1_19' title="bbox 113 1822 1071 1903; baseline 0.002 -21"><span class='ocrx_word' id='word_1_150' title='bbox 113 1822 255 1892; x_wconf 92' lang='lat' dir='ltr'>abducat,</span> <span class='ocrx_word' id='word_1_151' title='bbox 278 1823 433 1903; x_wconf 86' lang='lat' dir='ltr'>ipsumque</span> <span class='ocrx_word' id='word_1_152' title='bbox 451 1823 645 1885; x_wconf 90' lang='lat' dir='ltr'>Hannibalem</span> <span class='ocrx_word' id='word_1_153' title='bbox 667 1843 703 1885; x_wconf 86' lang='lat' dir='ltr'>ex</span> <span class='ocrx_word' id='word_1_154' title='bbox 725 1825 845 1886; x_wconf 87' lang='lat' dir='ltr'>loedere</span> <span class='ocrx_word' id='word_1_155' title='bbox 864 1825 1006 1887; x_wconf 88' lang='lat' dir='ltr'>Romanis</span> <span class='ocrx_word' id='word_1_156' title='bbox 1020 1824 1071 1884; x_wconf 92' lang='lat' dir='ltr'>de·</span> 
     </span>
     <span class='ocr_line' id='line_1_20' title="bbox 115 1905 1072 1985; baseline 0.001 -20"><span class='ocrx_word' id='word_1_157' title='bbox 115 1906 199 1975; x_wconf 78' lang='lat' dir='ltr'>dant:</span> <span class='ocrx_word' id='word_1_158' title='bbox 215 1906 332 1966; x_wconf 85' lang='lat' dir='ltr'>tertiam</span> <span class='ocrx_word' id='word_1_159' title='bbox 346 1905 523 1985; x_wconf 84' lang='lat' dir='ltr'>legationem</span> <span class='ocrx_word' id='word_1_160' title='bbox 538 1907 638 1967; x_wconf 87' lang='lat' dir='ltr'>adres</span> <span class='ocrx_word' id='word_1_161' title='bbox 655 1906 825 1985; x_wconf 85' lang='lat' dir='ltr'>Saguntinis</span> <span class='ocrx_word' id='word_1_162' title='bbox 839 1908 1005 1969; x_wconf 89' lang='lat' dir='ltr'>reddendas</span> <span class='ocrx_word' id='word_1_163' title='bbox 1021 1907 1072 1966; x_wconf 87' lang='lat' dir='ltr'>de·</span> 
     </span>
     <span class='ocr_line' id='line_1_21' title="bbox 114 1989 1099 2067; baseline -0.002 -17"><span class='ocrx_word' id='word_1_164' title='bbox 114 1998 237 2050; x_wconf 85' lang='lat' dir='ltr'>cern0.“</span> <span class='ocrx_word' id='word_1_165' title='bbox 287 1989 336 2049; x_wconf 89' lang='lat' dir='ltr'>lll.</span> <span class='ocrx_word' id='word_1_166' title='bbox 373 1991 446 2051; x_wconf 84' lang='lat' dir='ltr'>Cum</span> <span class='ocrx_word' id='word_1_167' title='bbox 466 1989 571 2050; x_wconf 89' lang='lat' dir='ltr'>Hanno</span> <span class='ocrx_word' id='word_1_168' title='bbox 598 1999 780 2067; x_wconf 85' lang='lat' dir='ltr'>perorasset,</span> <span class='ocrx_word' id='word_1_169' title='bbox 806 1991 919 2051; x_wconf 87' lang='lat' dir='ltr'>nemini</span> <span class='ocrx_word' id='word_1_170' title='bbox 941 1992 1099 2052; x_wconf 89' lang='lat' dir='ltr'>omniumt</span> 
     </span>
     <span class='ocr_line' id='line_1_22' title="bbox 114 2072 1073 2153; baseline -0.002 -19"><span class='ocrx_word' id='word_1_171' title='bbox 114 2079 231 2134; x_wconf 83' lang='lat' dir='ltr'>certare</span> <span class='ocrx_word' id='word_1_172' title='bbox 256 2073 389 2134; x_wconf 89' lang='lat' dir='ltr'>oratione</span> <span class='ocrx_word' id='word_1_173' title='bbox 410 2091 477 2134; x_wconf 91' lang='lat' dir='ltr'>cum</span> <span class='ocrx_word' id='word_1_174' title='bbox 499 2091 534 2133; x_wconf 91' lang='lat' dir='ltr'>eo</span> <span class='ocrx_word' id='word_1_175' title='bbox 549 2089 670 2133; x_wconf 85' lang='lat' dir='ltr'>necesse</span> <span class='ocrx_word' id='word_1_176' title='bbox 689 2073 758 2133; x_wconf 87' lang='lat' dir='ltr'>luit:</span> <span class='ocrx_word' id='word_1_177' title='bbox 779 2072 853 2133; x_wconf 90' lang='lat' dir='ltr'>adeo</span> <span class='ocrx_word' id='word_1_178' title='bbox 868 2091 962 2153; x_wconf 86' lang='lat' dir='ltr'>prope</span> <span class='ocrx_word' id='word_1_179' title='bbox 976 2073 1073 2134; x_wconf 88' lang='lat' dir='ltr'>omnis</span> 
     </span>
     <span class='ocr_line' id='line_1_23' title="bbox 113 2153 1074 2235; baseline -0.003 -18"><span class='ocrx_word' id='word_1_180' title='bbox 113 2162 232 2218; x_wconf 86' lang='lat' dir='ltr'>senatus</span> <span class='ocrx_word' id='word_1_181' title='bbox 246 2154 419 2217; x_wconf 82' lang='lat' dir='ltr'>Hannibalis</span> <span class='ocrx_word' id='word_1_182' title='bbox 434 2164 511 2227; x_wconf 90' lang='lat' dir='ltr'>erat,</span> <span class='ocrx_word' id='word_1_183' title='bbox 540 2155 732 2235; x_wconf 80' lang='lat' dir='ltr'>infestiusque</span> <span class='ocrx_word' id='word_1_184' title='bbox 757 2156 886 2216; x_wconf 91' lang='lat' dir='ltr'>locutum</span> <span class='ocrx_word' id='word_1_185' title='bbox 911 2153 1074 2233; x_wconf 86' lang='lat' dir='ltr'>arguebant</span> 
     </span>
     <span class='ocr_line' id='line_1_24' title="bbox 113 2236 1072 2318; baseline -0.004 -17"><span class='ocrx_word' id='word_1_186' title='bbox 113 2239 290 2301; x_wconf 90' lang='lat' dir='ltr'>Hannonem</span> <span class='ocrx_word' id='word_1_187' title='bbox 306 2257 395 2318; x_wconf 89' lang='lat' dir='ltr'>quam</span> <span class='ocrx_word' id='word_1_188' title='bbox 408 2238 545 2301; x_wconf 83' lang='lat' dir='ltr'>Flaccum</span> <span class='ocrx_word' id='word_1_189' title='bbox 559 2236 722 2308; x_wconf 89' lang='lat' dir='ltr'>Valerium,</span> <span class='ocrx_word' id='word_1_190' title='bbox 743 2238 872 2318; x_wconf 91' lang='lat' dir='ltr'>legatum</span> <span class='ocrx_word' id='word_1_191' title='bbox 895 2239 1072 2299; x_wconf 86' lang='lat' dir='ltr'>Romanum.</span> 
     </span>
     <span class='ocr_line' id='line_1_25' title="bbox 113 2319 1119 2401; baseline -0.004 -19"><span class='ocrx_word' id='word_1_192' title='bbox 113 2339 290 2401; x_wconf 89' lang='lat' dir='ltr'>responsum</span> <span class='ocrx_word' id='word_1_193' title='bbox 302 2321 373 2383; x_wconf 90' lang='lat' dir='ltr'>inde</span> <span class='ocrx_word' id='word_1_194' title='bbox 387 2321 491 2400; x_wconf 88' lang='lat' dir='ltr'>legatis</span> <span class='ocrx_word' id='word_1_195' title='bbox 505 2323 643 2384; x_wconf 83' lang='lat' dir='ltr'>Romanis</span> <span class='ocrx_word' id='word_1_196' title='bbox 658 2330 703 2383; x_wconf 88' lang='lat' dir='ltr'>cst</span> <span class='ocrx_word' id='word_1_197' title='bbox 722 2321 834 2384; x_wconf 89' lang='lat' dir='ltr'>bellum</span> <span class='ocrx_word' id='word_1_198' title='bbox 850 2328 947 2383; x_wconf 89' lang='lat' dir='ltr'>ortum</span> <span class='ocrx_word' id='word_1_199' title='bbox 969 2319 1006 2380; x_wconf 89' lang='lat' dir='ltr'>ab</span> <span class='ocrx_word' id='word_1_200' title='bbox 1020 2319 1100 2382; x_wconf 72' lang='lat' dir='ltr'>Sat</span> <span class='ocrx_word' id='word_1_201' title='bbox 1115 2362 1119 2369; x_wconf 42' lang='lat'><em>1</em></span> 
     </span>
     <span class='ocr_line' id='line_1_26' title="bbox 115 2403 1071 2486; baseline 0 -22"><span class='ocrx_word' id='word_1_202' title='bbox 115 2405 259 2484; x_wconf 89' lang='lat' dir='ltr'>guntinis,</span> <span class='ocrx_word' id='word_1_203' title='bbox 280 2423 340 2466; x_wconf 89' lang='lat' dir='ltr'>non</span> <span class='ocrx_word' id='word_1_204' title='bbox 355 2404 391 2467; x_wconf 87' lang='lat' dir='ltr'>ab</span> <span class='ocrx_word' id='word_1_205' title='bbox 408 2403 572 2466; x_wconf 86' lang='lat' dir='ltr'>Hannibale</span> <span class='ocrx_word' id='word_1_206' title='bbox 589 2423 669 2476; x_wconf 88' lang='lat' dir='ltr'>esse;</span> <span class='ocrx_word' id='word_1_207' title='bbox 690 2404 832 2486; x_wconf 92' lang='lat' dir='ltr'>populum</span> <span class='ocrx_word' id='word_1_208' title='bbox 848 2406 1013 2467; x_wconf 84' lang='lat' dir='ltr'>Romanum</span> <span class='ocrx_word' id='word_1_209' title='bbox 1026 2404 1071 2464; x_wconf 90' lang='lat' dir='ltr'>in·</span> 
     </span>
     <span class='ocr_line' id='line_1_27' title="bbox 113 2487 1072 2568; baseline -0.002 -19"><span class='ocrx_word' id='word_1_210' title='bbox 113 2492 190 2550; x_wconf 92' lang='lat' dir='ltr'>iuste</span> <span class='ocrx_word' id='word_1_211' title='bbox 205 2489 318 2560; x_wconf 87' lang='lat' dir='ltr'>lacere,</span> <span class='ocrx_word' id='word_1_212' title='bbox 332 2489 358 2550; x_wconf 91' lang='lat' dir='ltr'>si</span> <span class='ocrx_word' id='word_1_213' title='bbox 372 2489 550 2568; x_wconf 88' lang='lat' dir='ltr'>Saguntinos</span> <span class='ocrx_word' id='word_1_214' title='bbox 563 2489 777 2551; x_wconf 83' lang='lat' dir='ltr'>vetustissimae</span> <span class='ocrx_word' id='word_1_215' title='bbox 788 2487 1072 2567; x_wconf 84' lang='lat' dir='ltr'>Carthaginiensium</span> 
     </span>
     <span class='ocr_line' id='line_1_28' title="bbox 113 2573 433 2653; baseline -0.006 -18"><span class='ocrx_word' id='word_1_216' title='bbox 113 2573 247 2635; x_wconf 87' lang='lat' dir='ltr'>societati</span> <span class='ocrx_word' id='word_1_217' title='bbox 261 2580 433 2653; x_wconf 88' lang='lat' dir='ltr'>praeponat.</span> 
     </span>
    </p>

    <p class='ocr_par' dir='ltr' id='par_1_3' title="bbox 113 2656 1101 3570">
     <span class='ocr_line' id='line_1_29' title="bbox 176 2656 1101 2737; baseline -0.003 -19"><span class='ocrx_word' id='word_1_218' title='bbox 176 2656 252 2718; x_wconf 84' lang='lat' dir='ltr'>llum</span> <span class='ocrx_word' id='word_1_219' title='bbox 276 2656 401 2717; x_wconf 84' lang='lat' dir='ltr'>Romani</span> <span class='ocrx_word' id='word_1_220' title='bbox 426 2663 542 2737; x_wconf 86' lang='lat' dir='ltr'>tempus</span> <span class='ocrx_word' id='word_1_221' title='bbox 569 2663 670 2718; x_wconf 90' lang='lat' dir='ltr'>terunt</span> <span class='ocrx_word' id='word_1_222' title='bbox 691 2656 886 2736; x_wconf 86' lang='lat' dir='ltr'>legationibus</span> <span class='ocrx_word' id='word_1_223' title='bbox 911 2657 1101 2728; x_wconf 75' lang='lat' dir='ltr'>mittendisa</span> 
     </span>
     <span class='ocr_line' id='line_1_30' title="bbox 113 2738 1072 2821; baseline 0 -20"><span class='ocrx_word' id='word_1_224' title='bbox 113 2738 276 2809; x_wconf 88' lang='lat' dir='ltr'>Hannibal,</span> <span class='ocrx_word' id='word_1_225' title='bbox 293 2741 360 2819; x_wconf 91' lang='lat' dir='ltr'>quia</span> <span class='ocrx_word' id='word_1_226' title='bbox 374 2740 485 2801; x_wconf 87' lang='lat' dir='ltr'>fessum</span> <span class='ocrx_word' id='word_1_227' title='bbox 498 2739 620 2801; x_wconf 86' lang='lat' dir='ltr'>militem</span> <span class='ocrx_word' id='word_1_228' title='bbox 633 2740 756 2820; x_wconf 88' lang='lat' dir='ltr'>proeliis</span> <span class='ocrx_word' id='word_1_229' title='bbox 769 2740 967 2821; x_wconf 81' lang='lat' dir='ltr'>operibusque</span> <span class='ocrx_word' id='word_1_230' title='bbox 981 2739 1072 2801; x_wconf 91' lang='lat' dir='ltr'>babe-</span> 
     </span>
     <span class='ocr_line' id='line_1_31' title="bbox 113 2821 1072 2902; baseline -0.001 -20"><span class='ocrx_word' id='word_1_231' title='bbox 113 2822 180 2892; x_wconf 87' lang='lat' dir='ltr'>bat,</span> <span class='ocrx_word' id='word_1_232' title='bbox 204 2838 366 2900; x_wconf 90' lang='lat' dir='ltr'>paucorum</span> <span class='ocrx_word' id='word_1_233' title='bbox 393 2825 429 2883; x_wconf 88' lang='lat' dir='ltr'>ils</span> <span class='ocrx_word' id='word_1_234' title='bbox 452 2824 567 2885; x_wconf 90' lang='lat' dir='ltr'>dierum</span> <span class='ocrx_word' id='word_1_235' title='bbox 587 2825 718 2902; x_wconf 89' lang='lat' dir='ltr'>quietem</span> <span class='ocrx_word' id='word_1_236' title='bbox 740 2824 821 2885; x_wconf 88' lang='lat' dir='ltr'>dedit</span> <span class='ocrx_word' id='word_1_237' title='bbox 840 2822 1015 2883; x_wconf 90' lang='lat' dir='ltr'>stationibus</span> <span class='ocrx_word' id='word_1_238' title='bbox 1035 2821 1072 2881; x_wconf 93' lang='lat' dir='ltr'>ad</span> 
     </span>
     <span class='ocr_line' id='line_1_32' title="bbox 116 2902 1073 2985; baseline 0 -23"><span class='ocrx_word' id='word_1_239' title='bbox 116 2902 278 2963; x_wconf 88' lang='lat' dir='ltr'>custodiam</span> <span class='ocrx_word' id='word_1_240' title='bbox 292 2906 442 2966; x_wconf 81' lang='lat' dir='ltr'>vincarum</span> <span class='ocrx_word' id='word_1_241' title='bbox 457 2906 640 2985; x_wconf 89' lang='lat' dir='ltr'>aliorumque</span> <span class='ocrx_word' id='word_1_242' title='bbox 660 2923 785 2985; x_wconf 84' lang='lat' dir='ltr'>operum</span> <span class='ocrx_word' id='word_1_243' title='bbox 806 2906 963 2984; x_wconf 84' lang='lat' dir='ltr'>dispositis.</span> <span class='ocrx_word' id='word_1_244' title='bbox 997 2905 1073 2962; x_wconf 89' lang='lat' dir='ltr'>intc-</span> 
     </span>
     <span class='ocr_line' id='line_1_33' title="bbox 116 2984 1073 3056; baseline 0 -11"><span class='ocrx_word' id='word_1_245' title='bbox 116 2986 175 3045; x_wconf 91' lang='lat' dir='ltr'>rim</span> <span class='ocrx_word' id='word_1_246' title='bbox 195 2984 310 3046; x_wconf 88' lang='lat' dir='ltr'>animos</span> <span class='ocrx_word' id='word_1_247' title='bbox 328 2998 430 3049; x_wconf 83' lang='lat' dir='ltr'>eorum</span> <span class='ocrx_word' id='word_1_248' title='bbox 445 3006 523 3050; x_wconf 89' lang='lat' dir='ltr'>nuno</span> <span class='ocrx_word' id='word_1_249' title='bbox 542 2990 586 3050; x_wconf 86' lang='lat' dir='ltr'>ira</span> <span class='ocrx_word' id='word_1_250' title='bbox 607 2990 639 3050; x_wconf 87' lang='lat' dir='ltr'>in</span> <span class='ocrx_word' id='word_1_251' title='bbox 666 2988 760 3050; x_wconf 89' lang='lat' dir='ltr'>bostis</span> <span class='ocrx_word' id='word_1_252' title='bbox 780 2986 974 3056; x_wconf 88' lang='lat' dir='ltr'>stimulando,</span> <span class='ocrx_word' id='word_1_253' title='bbox 993 3001 1073 3045; x_wconf 91' lang='lat' dir='ltr'>nunc</span> 
     </span>
     <span class='ocr_line' id='line_1_34' title="bbox 117 3068 1099 3152; baseline -0.001 -23"><span class='ocrx_word' id='word_1_254' title='bbox 117 3085 171 3148; x_wconf 90' lang='lat' dir='ltr'>spe</span> <span class='ocrx_word' id='word_1_255' title='bbox 184 3068 386 3146; x_wconf 85' lang='lat' dir='ltr'>praemiorum</span> <span class='ocrx_word' id='word_1_256' title='bbox 400 3070 542 3132; x_wconf 90' lang='lat' dir='ltr'>accendit.</span> <span class='ocrx_word' id='word_1_257' title='bbox 577 3080 611 3134; x_wconf 93' lang='lat' dir='ltr'>ut</span> <span class='ocrx_word' id='word_1_258' title='bbox 624 3089 696 3134; x_wconf 87' lang='lat' dir='ltr'>vero</span> <span class='ocrx_word' id='word_1_259' title='bbox 709 3089 764 3152; x_wconf 93' lang='lat' dir='ltr'>pro</span> <span class='ocrx_word' id='word_1_260' title='bbox 780 3072 917 3133; x_wconf 88' lang='lat' dir='ltr'>contione</span> <span class='ocrx_word' id='word_1_261' title='bbox 931 3069 1099 3149; x_wconf 77' lang='lat' dir='ltr'>praedame</span> 
     </span>
     <span class='ocr_line' id='line_1_35' title="bbox 116 3150 1071 3232; baseline 0 -19"><span class='ocrx_word' id='word_1_262' title='bbox 116 3159 220 3232; x_wconf 85' lang='lat' dir='ltr'>captae</span> <span class='ocrx_word' id='word_1_263' title='bbox 233 3150 317 3212; x_wconf 92' lang='lat' dir='ltr'>urbis</span> <span class='ocrx_word' id='word_1_264' title='bbox 332 3151 422 3213; x_wconf 87' lang='lat' dir='ltr'>edixit</span> <span class='ocrx_word' id='word_1_265' title='bbox 432 3150 557 3213; x_wconf 90' lang='lat' dir='ltr'>militum</span> <span class='ocrx_word' id='word_1_266' title='bbox 571 3154 647 3226; x_wconf 84' lang='lat' dir='ltr'>iore,</span> <span class='ocrx_word' id='word_1_267' title='bbox 662 3156 734 3216; x_wconf 91' lang='lat' dir='ltr'>adeo</span> <span class='ocrx_word' id='word_1_268' title='bbox 750 3155 867 3217; x_wconf 87' lang='lat' dir='ltr'>accensi</span> <span class='ocrx_word' id='word_1_269' title='bbox 878 3170 981 3214; x_wconf 87' lang='lat' dir='ltr'>omues</span> <span class='ocrx_word' id='word_1_270' title='bbox 995 3159 1071 3221; x_wconf 82' lang='lat' dir='ltr'>sunt,</span> 
     </span>
     <span class='ocr_line' id='line_1_36' title="bbox 116 3233 1071 3316; baseline -0.001 -20"><span class='ocrx_word' id='word_1_271' title='bbox 116 3244 163 3307; x_wconf 90' lang='lat' dir='ltr'>ut,</span> <span class='ocrx_word' id='word_1_272' title='bbox 181 3236 207 3298; x_wconf 93' lang='lat' dir='ltr'>si</span> <span class='ocrx_word' id='word_1_273' title='bbox 222 3233 370 3316; x_wconf 84' lang='lat' dir='ltr'>extemplo</span> <span class='ocrx_word' id='word_1_274' title='bbox 386 3237 505 3315; x_wconf 89' lang='lat' dir='ltr'>signum</span> <span class='ocrx_word' id='word_1_275' title='bbox 519 3236 621 3298; x_wconf 90' lang='lat' dir='ltr'>datum</span> <span class='ocrx_word' id='word_1_276' title='bbox 636 3246 727 3309; x_wconf 87' lang='lat' dir='ltr'>esset,</span> <span class='ocrx_word' id='word_1_277' title='bbox 743 3237 823 3300; x_wconf 91' lang='lat' dir='ltr'>nulla</span> <span class='ocrx_word' id='word_1_278' title='bbox 836 3239 865 3297; x_wconf 87' lang='lat' dir='ltr'>vi</span> <span class='ocrx_word' id='word_1_279' title='bbox 877 3236 976 3297; x_wconf 86' lang='lat' dir='ltr'>resisti</span> <span class='ocrx_word' id='word_1_280' title='bbox 992 3233 1071 3296; x_wconf 85' lang='lat' dir='ltr'>vide·</span> 
     </span>
     <span class='ocr_line' id='line_1_37' title="bbox 116 3316 1099 3402; baseline -0.003 -22"><span class='ocrx_word' id='word_1_281' title='bbox 116 3327 199 3382; x_wconf 89' lang='lat' dir='ltr'>retur</span> <span class='ocrx_word' id='word_1_282' title='bbox 222 3337 319 3401; x_wconf 89' lang='lat' dir='ltr'>posse.</span> <span class='ocrx_word' id='word_1_283' title='bbox 363 3319 517 3400; x_wconf 87' lang='lat' dir='ltr'>Saguntini</span> <span class='ocrx_word' id='word_1_284' title='bbox 537 3326 601 3382; x_wconf 89' lang='lat' dir='ltr'>uta</span> <span class='ocrx_word' id='word_1_285' title='bbox 620 3319 742 3401; x_wconf 87' lang='lat' dir='ltr'>proeliis</span> <span class='ocrx_word' id='word_1_286' title='bbox 760 3323 888 3402; x_wconf 89' lang='lat' dir='ltr'>quietem</span> <span class='ocrx_word' id='word_1_287' title='bbox 908 3316 1099 3381; x_wconf 84' lang='lat' dir='ltr'>habueranta</span> 
     </span>
     <span class='ocr_line' id='line_1_38' title="bbox 117 3402 1069 3485; baseline -0.002 -21"><span class='ocrx_word' id='word_1_288' title='bbox 117 3420 172 3465; x_wconf 90' lang='lat' dir='ltr'>uec</span> <span class='ocrx_word' id='word_1_289' title='bbox 184 3403 363 3473; x_wconf 83' lang='lat' dir='ltr'>lacessentes</span> <span class='ocrx_word' id='word_1_290' title='bbox 374 3418 430 3467; x_wconf 84' lang='lat' dir='ltr'>nec</span> <span class='ocrx_word' id='word_1_291' title='bbox 441 3403 567 3466; x_wconf 89' lang='lat' dir='ltr'>lacessiti</span> <span class='ocrx_word' id='word_1_292' title='bbox 577 3421 633 3484; x_wconf 92' lang='lat' dir='ltr'>per</span> <span class='ocrx_word' id='word_1_293' title='bbox 644 3402 755 3485; x_wconf 90' lang='lat' dir='ltr'>aliquot</span> <span class='ocrx_word' id='word_1_294' title='bbox 766 3405 836 3477; x_wconf 86' lang='lat' dir='ltr'>dies,</span> <span class='ocrx_word' id='word_1_295' title='bbox 848 3407 889 3468; x_wconf 85' lang='lat' dir='ltr'>ita</span> <span class='ocrx_word' id='word_1_296' title='bbox 903 3421 964 3466; x_wconf 89' lang='lat' dir='ltr'>uon</span> <span class='ocrx_word' id='word_1_297' title='bbox 974 3409 1069 3474; x_wconf 88' lang='lat' dir='ltr'>nocte,</span> 
     </span>
     <span class='ocr_line' id='line_1_39' title="bbox 117 3487 1069 3570; baseline 0.003 -23"><span class='ocrx_word' id='word_1_298' title='bbox 117 3503 177 3549; x_wconf 89' lang='lat' dir='ltr'>non</span> <span class='ocrx_word' id='word_1_299' title='bbox 192 3487 239 3549; x_wconf 91' lang='lat' dir='ltr'>die</span> <span class='ocrx_word' id='word_1_300' title='bbox 254 3506 394 3570; x_wconf 91' lang='lat' dir='ltr'>umquam</span> <span class='ocrx_word' id='word_1_301' title='bbox 411 3495 597 3552; x_wconf 82' lang='lat' dir='ltr'>cessaverant</span> <span class='ocrx_word' id='word_1_302' title='bbox 610 3489 648 3551; x_wconf 92' lang='lat' dir='ltr'>ab</span> <span class='ocrx_word' id='word_1_303' title='bbox 663 3507 767 3570; x_wconf 89' lang='lat' dir='ltr'>opere,</span> <span class='ocrx_word' id='word_1_304' title='bbox 782 3497 815 3552; x_wconf 90' lang='lat' dir='ltr'>ut</span> <span class='ocrx_word' id='word_1_305' title='bbox 828 3507 935 3554; x_wconf 84' lang='lat' dir='ltr'>novum</span> <span class='ocrx_word' id='word_1_306' title='bbox 952 3504 1069 3551; x_wconf 87' lang='lat' dir='ltr'>murum</span> 
     </span>
    </p>
   </div>
   <div class='ocr_carea' id='block_1_3' title="bbox 0 0 1297 4067">
    <p class='ocr_par' dir='ltr' id='par_1_4' title="bbox 0 0 1297 4067">
     <span class='ocr_line' id='line_1_40' title="bbox 0 0 1297 4067; baseline 0 0"><span class='ocrx_word' id='word_1_307' title='bbox 0 0 1297 4067; x_wconf 95' lang='lat' dir='ltr'> </span> 
     </span>
    </p>
   </div>
  </div>
 </body>
</html>
