2575 4067
292 208 385 251 ciera
399 208 488 251 xxrrr.
506 207 574 251 oar.
590 195 633 249 ³8.
650 195 693 249 39.
709 185 749 270 [a.
766 190 801 253 0.
817 186 879 271 215]
1009 195 1071 261 359

110 356 243 420 rantibus
258 355 402 418 Punicum
413 354 524 417 bellum
540 354 722 417 Macedonici
739 354 809 418 belli
823 355 917 419 moles
932 359 1068 420 instaret.

109 442 158 503 cui
170 450 269 502 umen
283 440 357 501 adeo
369 457 430 501 non
444 438 679 509 succubuerunt,
691 448 724 501 ut
736 437 883 518 extemplo
898 444 1098 519 agitaretur,t

108 524 246 605 quemad
260 524 382 586 modum
395 522 474 585 ultro
489 522 645 585 inferendo
659 521 738 584 bello
754 530 920 585 averterent
935 524 972 586 ab
986 525 1070 588 ltalia

110 609 234 670 bostem.
264 608 385 688 captivis
399 608 430 668 in
444 607 559 669 vincula
576 608 664 670 condi
685 608 773 670 iussis
788 606 1003 688 comitibusque
1018 620 1096 671 eo·r

109 710 177 753 rum
192 690 246 753 sub
269 692 352 754 hasta
365 690 490 754 venditis
510 690 547 753 ad
563 709 653 753 naves
673 692 776 771 viginti
796 693 940 771 quinque,
963 691 1068 771 quibus

109 775 141 837 P.
160 774 292 837 Valerius
311 774 434 837 Flaccus
455 775 624 855 praefectus
638 784 791 855 praeerat,
817 775 920 854 viginti
939 779 1070 852 quinque

108 861 209 939 parari
220 858 290 922 allas
301 859 473 921 decernunt.
501 859 547 920 his
561 861 728 939 conparatis
740 859 932 938 deductisque
943 868 974 921 et
987 859 1097 921 addi-8

108 944 147 1003 tis
166 944 295 1023 quinque
322 942 457 1014 navibus,
486 961 561 1023 quae
586 943 765 1006 advexerant
790 944 921 1023 captivos
946 943 1067 1023 legatos,

109 1028 229 1105 triginta
253 1045 341 1089 nares
365 1026 402 1088 ab
419 1027 509 1111 ⁸Ostia
536 1028 696 1089 Tarentum
723 1028 888 1108 proiectae,
916 1027 1098 1108 iussmqmo

109 1108 142 1171 Ρ.
158 1109 290 1171 Valerius
311 1109 451 1172 militibus
466 1112 669 1182 Varronianis,
695 1110 801 1193 quibus
822 1112 855 1174 L.
872 1112 1010 1190 Apustius
1025 1112 1069 1173 le·

109 1202 193 1272 gatus
213 1194 334 1256 Tarenti
353 1204 504 1273 praeerat,
533 1196 563 1255 in
586 1212 675 1257 naves
702 1197 837 1275 inpositIs
856 1197 1068 1276 quinquaginta

108 1279 240 1356 quinque
255 1278 372 1338 narium
388 1277 480 1340 classe
497 1296 557 1340 non
579 1281 657 1341 tueri
676 1279 764 1341 modo
779 1279 878 1341 ltaliae
896 1295 993 1351 oram,
1016 1278 1068 1341 sed

109 1358 265 1439 explorare
280 1360 317 1422 de
331 1360 521 1424 Macedonico
536 1360 623 1423 bello.
657 1365 682 1423 sl
695 1363 887 1441 congruentia
901 1362 1007 1424 litteris
1023 1363 1065 1423 le·
1078 1368 1111 1421 1⁰

109 1453 303 1524 gatorumque
321 1442 438 1507 indiciis
460 1445 590 1525 Philippi
605 1444 726 1507 consilia
744 1455 855 1517 essent,
880 1454 912 1508 ut
928 1446 966 1508 Μ.
982 1446 1066 1509 Vale·

109 1530 186 1589 rlum
197 1535 366 1608 praetorem
378 1528 482 1591 litteris
496 1531 653 1591 certiorem
665 1530 784 1600 iaceret,
799 1531 883 1610 isque
896 1530 930 1590 L.
944 1531 1065 1608 Apustio
1079 1538 1106 1590 it

109 1611 204 1691 legato
217 1613 359 1674 exercitui
372 1614 541 1693 praeposito
553 1613 714 1675 Tarentum
730 1614 766 1674 ad
779 1612 902 1676 classem
914 1615 1066 1693 proiectus

110 1697 205 1775 primo
218 1714 335 1777 quoque
345 1703 480 1775 tempore
489 1699 521 1758 in
531 1697 733 1759 Macedoniam
745 1699 959 1760 transmitteret
968 1698 1066 1760 daret·

109 1798 167 1859 que
182 1796 318 1858 operam,
340 1786 373 1840 ut
386 1779 554 1859 Philippum
574 1780 606 1840 in
622 1798 714 1859 regno
733 1783 907 1844 contineret.
941 1784 1066 1862 pecunia
1079 1791 1109 1841 12

109 1862 147 1924 ad
161 1861 285 1925 classem
305 1861 444 1925 tuendam
464 1861 632 1936 bellumque
651 1863 871 1926 Macedonicum
893 1883 927 1928 ea
949 1866 1067 1927 decreta

109 1954 167 2017 est,
183 1964 258 2027 quae
271 1948 324 2026 dp.
340 1944 460 2008 Claudio
472 1947 502 2006 in
514 1946 641 2007 Siciliam
654 1947 743 2008 missa
754 1954 825 2018 erat,
844 1955 877 2008 ut
891 1948 1067 2010 redderetur

111 2030 232 2091 llieroni
246 2032 325 2109 regi;
341 2031 414 2091 haec
424 2049 478 2109 per
489 2030 522 2092 L.
534 2031 691 2092 Antistium
701 2028 829 2108 legatum
844 2029 1005 2091 Tarentum
1022 2040 1067 2093 est

110 2114 238 2175 devecta.
270 2114 357 2176 simul
377 2113 414 2176 ab
429 2114 559 2176 Hierone
580 2115 668 2174 missa
691 2113 817 2175 ducenta
838 2110 918 2173 milla
933 2113 1063 2174 modium
1077 2120 1109 2172 le

86 2207 90 2211 ’
111 2199 200 2259 tritici
216 2205 245 2260 et
258 2198 364 2260 hordei
378 2205 505 2259 centum.

173 2281 299 2344 XXXIX.
332 2281 406 2343 llum
422 2282 494 2343 haec
508 2282 633 2344 Romani
648 2289 753 2361 parant
766 2289 929 2360 aguntque,
945 2280 981 2341 ad
997 2280 1066 2341 Phi·
1080 2287 1093 2339 1

109 2365 220 2444 lippum
252 2367 362 2445 captiva
390 2366 471 2430 naris
499 2384 557 2428 una
578 2384 614 2428 er
628 2368 678 2436 iis,
708 2384 783 2447 quae
808 2365 932 2426 Romam
960 2366 1066 2425 missae

109 2458 208 2519 erant,
232 2467 269 2510 ex
285 2466 374 2510 cursu
393 2449 515 2527 relugit;
536 2448 605 2511 inde
626 2451 732 2511 scitum
747 2449 859 2528 legatos
875 2466 943 2509 cum
961 2447 1067 2510 litteris

110 2539 219 2611 captos.
254 2534 352 2613 itaque
371 2534 490 2612 ignarus
512 2551 579 2605 rer,
602 2553 678 2614 quae
700 2550 767 2595 cum
783 2530 946 2595 llannlbale
964 2532 1095 2611 iegausa

109 2618 169 2677 suis
184 2619 402 2690 convenissent,
419 2634 552 2698 quaeque
567 2616 655 2699 legati
671 2619 733 2680 elus
755 2618 792 2680 ad
809 2636 841 2680 se
854 2614 981 2679 adlaturi
995 2616 1065 2679 luis·

66 2746 71 2755 ,
108 2707 189 2770 sent,
211 2698 387 2779 legationem
408 2701 493 2764 adam
513 2721 580 2764 cum
601 2701 713 2765 eisdem
735 2702 881 2765 mandatls
896 2703 993 2764 mittit.
1025 2699 1095 2761 let

110 2786 168 2862 gatl
182 2784 217 2845 ad
228 2784 422 2846 Hannibalem
432 2786 513 2846 missi
524 2786 699 2856 Heraclitus,
710 2789 758 2847 cui
764 2787 884 2849 Scotino
899 2801 1066 2863 cognomen

109 2876 189 2936 erat,
209 2874 238 2928 et
253 2868 332 2930 Crito
347 2867 486 2929 Boeotius
503 2876 532 2927 et
547 2868 699 2928 Sositheus
713 2868 842 2946 Magnes.
873 2867 905 2927 hl
919 2883 1062 2946 prospere

109 2950 241 3013 tulerunt
260 2968 295 3011 ae
315 2949 481 3012 retulerunt
503 2950 649 3012 mandata.
680 2951 732 3011 sed
747 2952 829 3029 prius
848 2966 880 3010 se
896 2956 991 3010 aestas
1006 2951 1091 3010 cir-a

109 3036 252 3114 cumeglt,
274 3052 362 3113 quam
376 3052 496 3096 morere
520 3051 554 3094 ac
569 3031 668 3096 moliri
690 3035 846 3113 quicquam
871 3049 924 3093 rex
950 3041 1063 3111 possets

109 3125 224 3181 tantum
238 3119 319 3179 naris
333 3134 391 3180 una
406 3124 490 3197 capta
502 3135 568 3178 curn
580 3116 684 3195 legatis
699 3119 841 3179 momenti
856 3115 926 3177 lecit
940 3115 977 3176 ad
992 3115 1063 3188 dila·

109 3206 220 3265 tionem
234 3201 403 3263 inminentis
418 3201 557 3263 Romanis
573 3200 652 3261 belli.

172 3286 209 3347 Et
229 3288 307 3347 circa
325 3287 468 3366 Capuam,
494 3294 676 3364 transgresso
691 3284 864 3346 Volturnum
889 3281 980 3345 Fabio
1000 3290 1092 3361 posto

111 3367 796 3518 {intitubabiliter‘diuitiis
807 3365 1092 3530 lautitiis„
