2575 4067
145 275 239 316 smne
253 274 322 317 vnr.
339 274 407 317 oar.
424 262 467 318 lo.
485 263 529 319 lt.
546 261 587 317 le.
605 253 645 337 [s.
662 257 697 319 O.
712 256 939 339 ost-(sommi
984 263 1024 329 67

77 439 195 502 agroque
201 420 360 567 dllfflmdo
372 433 547 485 creaverunt
553 423 713 487 Caesonem
720 423 858 488 Duillium
872 426 906 488 Τ.
915 425 1024 499 Quinc·

76 507 139 570 ium
156 506 194 567 ll.
284 524 344 569 um.

128 590 211 654 XVII.
241 590 314 652 Nori
333 588 440 651 deinde
463 590 600 653 consules
621 610 637 653 a
662 589 811 653 veteribus
827 594 959 654 exercitu
975 601 1054 655 ac-l

76 683 151 754 cepto
166 676 294 753 ingressi
310 673 439 735 hostium
460 673 533 736 flues
552 675 721 756 populando
736 691 829 754 usque
850 675 888 737 ad
908 678 1023 738 moenia

75 764 152 837 atque
167 758 274 819 urbem
288 766 496 838 pervenerunt.
525 757 565 819 ibi
580 760 647 839 qula
665 760 777 839 ingenti
799 760 929 822 exercitu
952 777 1021 821 con·
1039 769 1055 818 2

75 850 166 920 parato
187 839 310 904 sitiunt
330 849 360 902 et
381 842 436 921 ipsi
457 859 512 921 pro
532 851 665 904 extrema
685 861 737 924 spe
757 842 922 905 dimicaturi
938 843 1024 904 enixe

75 925 254 996 ridebantur,
271 932 300 985 et
310 925 462 987 Samnium
478 925 555 988 lama
567 936 631 988 erat
644 927 756 988 conciri
767 926 802 989 ad
818 926 944 998 bellum,
963 926 1023 988 dic·
1039 934 1056 987 a

75 1018 141 1071 tator
157 1010 192 1071 ab
211 1007 382 1070 consulibus
403 1027 439 1070 ex
461 1012 634 1072 auctoritate
655 1019 774 1074 senatus
795 1010 889 1073 dictus
903 1010 935 1071 P.
952 1011 1022 1073 Gor·

75 1092 159 1155 uellus
180 1092 317 1163 lluilnus,
347 1094 487 1171 magister
514 1094 642 1174 equitum
663 1096 701 1157 ll.
722 1095 878 1156 Antonius.
919 1093 1052 1172 religios

75 1174 170 1238 delude
191 1177 311 1239 incessit
330 1178 399 1238 vitlo
423 1195 474 1239 eos
494 1185 624 1248 creatos,
648 1180 819 1257 magistratu
840 1198 877 1240 ue
894 1196 926 1239 se
942 1177 1023 1239 abdi·

75 1268 218 1331 oeternum
244 1269 274 1322 et
291 1261 357 1340 quia
379 1260 545 1342 pestilentia
562 1263 694 1324 insecuta
712 1270 771 1335 est,
792 1198 872 1323 redut
886 1260 1023 1323 omuibus

75 1361 104 1404 eo
118 1346 185 1407 vitio
200 1346 344 1407 eontacds
360 1346 499 1426 auspiciis
520 1364 570 1407 res
585 1347 622 1409 ad
636 1347 841 1426 interregnum
855 1346 953 1408 rediit.
987 1345 1023 1407 ab
1038 1354 1055 1405 o

74 1428 237 1508 interregno
253 1429 326 1489 inito
342 1445 397 1508 per
408 1430 542 1509 quintum
558 1430 677 1494 demum
691 1432 872 1509 interregem
883 1430 921 1493 ll.
937 1430 1022 1491 Vale·

74 1512 142 1656 {doum
161 1514 290 1574 Corvum
311 1512 401 1574 creati
426 1511 564 1575 consules
576 1517 609 1576 Α.
628 1513 783 1576 Cornelius
802 1514 909 1576 iterum
924 1521 954 1575 et
971 1513 1028 1578 Cu·

112 1597 216 1658 mitius.

129 1678 309 1761 Tranquillis
323 1678 413 1741 rebus
429 1679 506 1741 lama
518 1678 622 1743 Gallici
635 1680 707 1742 belli
720 1700 775 1761 pro
788 1680 914 1744 tumultu
925 1680 1024 1753 valuit,
1040 1685 1057 1738 6
1139 1755 1145 1770 .
1186 1757 1214 1770 ..

75 1769 103 1822 ut
115 1770 143 1824 et
157 1764 332 1827 dictatorem
344 1763 403 1824 dici
420 1762 560 1843 placeret.
587 1764 682 1826 dictus
696 1766 734 1827 ll.
749 1765 885 1845 Papirius
902 1765 1025 1828 Crassus

77 1854 101 1906 et
114 1850 250 1927 magister
267 1848 397 1927 equitum
412 1846 445 1908 P.
462 1847 595 1909 Valerius
611 1847 772 1910 Publicola.
800 1868 816 1910 a
834 1847 941 1929 quibus
957 1856 1054 1910 cumt

77 1928 188 1993 dilectus
204 1932 347 1994 intentius
362 1950 450 2010 quam
465 1930 605 1994 adversus
622 1933 745 1993 finitima
762 1931 839 1995 bella
854 1930 1023 2003 haberetur,

76 2013 266 2094 exploratores
292 2015 374 2076 missi
396 2014 568 2089 attulerunt,
594 2017 692 2095 quieta
708 2017 806 2077 omnia
826 2015 903 2095 apud
926 2015 1025 2077 Gallos

76 2112 141 2159 esse.
173 2099 327 2162 Samnium
339 2116 456 2179 quoque
470 2098 529 2159 iam
545 2098 671 2160 alterum
686 2116 796 2160 aunum
811 2097 927 2159 turbari
942 2100 1056 2160 norbo

77 2182 195 2245 consiliis
215 2192 386 2265 suspectum
409 2190 487 2242 erat:
517 2199 553 2243 eo
575 2199 611 2242 ex
631 2198 704 2259 agro
725 2181 856 2244 Sidicino
878 2183 1025 2242 exercitus

77 2260 215 2329 Romanus
232 2284 293 2329 uon
315 2266 468 2327 deductus.
505 2271 638 2326 ceterum
659 2265 805 2326 Samnites
824 2262 934 2326 bobum
959 2263 1057 2325 lle-t

77 2349 171 2411 aandri
185 2350 337 2433 Epirensis
353 2352 384 2412 ln
399 2350 534 2411 Lucanos
549 2350 651 2421 traxit,
668 2350 717 2429 qui
733 2346 791 2409 duo
805 2346 908 2429 populi
922 2346 1025 2409 adver·

77 2446 120 2491 sus
130 2450 230 2513 regem
246 2436 448 2496 escensionem
465 2452 482 2494 a
497 2433 602 2496 Paesto
617 2433 775 2495 facientem
791 2432 884 2511 signis
902 2429 1026 2493 conlatis

77 2526 279 2594 pugnaverunt.
303 2536 339 2579 eo
351 2518 512 2580 certamine
523 2520 659 2598 superior
669 2515 850 2585 Alexander,
866 2516 1023 2586 incertum,
1036 2521 1068 2575 io

78 2613 127 2675 qua
140 2601 195 2663 lide
209 2600 357 2672 culturus,
375 2602 400 2663 sl
417 2601 541 2682 perinde
556 2610 654 2663 cetera
676 2603 904 2682 processissent,
922 2618 1025 2681 pacem

79 2696 136 2741 oum
150 2683 288 2749 Romanis
304 2686 383 2747 iecit.
400 2720 441 2730 -
456 2685 566 2747 Eodem
583 2705 662 2748 anuo
678 2704 784 2748 census
799 2693 882 2748 actus
897 2686 1024 2764 novique
1037 2691 1065 2743 11

79 2763 146 2827 cives
159 2772 248 2831 censi.
282 2768 378 2831 tribus
391 2778 512 2849 propter
528 2788 579 2831 eos
596 2770 711 2833 additae
725 2771 836 2832 lineola
853 2777 883 2830 et
899 2769 1026 2849 Scaptia.

80 2862 207 2914 censores
234 2852 410 2916 addiderunt
435 2852 470 2924 Ο.
495 2852 636 2915 Publilius
664 2853 748 2915 Philo
775 2855 825 2933 Sp.
848 2853 1025 2914 Postumius.

79 2926 192 2997 liomanl
214 2937 284 2999 lacti
302 2937 444 2999 Acerrani
460 2936 526 3015 lege
546 2936 582 2999 ab
603 2937 635 2998 L.
657 2935 775 3015 Papirio
797 2943 935 3016 praetore
956 2934 1023 3004 lata,
1038 2943 1068 2994 12

80 3029 129 3155 plna
143 3020 241 3082 civitas
262 3021 325 3082 siue
344 3021 483 3099 suffragio
503 3021 580 3083 data.
607 3020 683 3082 haec
699 3037 734 3080 eo
752 3036 829 3081 auno
849 3018 929 3079 domi
949 3015 1024 3077 mill·

99 3114 184 3180 teque
199 3111 290 3182 gesta.

133 3184 229 3248 xvtu.
261 3187 376 3249 Foedus
391 3188 551 3267 insequens
571 3206 667 3250 annus
687 3206 739 3250 seu
760 3186 936 3265 intemperie
953 3183 1057 3245 caellt

82 3279 125 3327 teu
145 3268 269 3335 humana
289 3271 392 3334 iraude
412 3271 481 3342 luit,
504 3271 541 3332 ll.
565 3270 685 3334 illaudlo
707 3268 844 3334 Marcello
861 3269 896 3329 Τ.
910 3267 1027 3329 Valerio

83 3352 247 3417 tonstdibus.
278 3354 417 3418 Flaccum
430 3355 618 3435 Potitumque
639 3356 718 3417 rarle
739 3355 771 3415 iu
786 3351 941 3414 annalibus
958 3370 1027 3431 cog·
1042 3361 1058 3411 t

83 3445 178 3498 uomeu
195 3439 322 3502 consulis
343 3440 470 3502 inrenlo.
502 3446 633 3502 cetorum
651 3440 683 3499 in
704 3455 739 3499 eo
750 3438 832 3518 parri
847 3435 940 3498 reiert
957 3437 1026 3518 quid

83 3518 136 3579 tert
154 3522 204 3592 sit;
225 3523 297 3585 illud
319 3525 460 3604 pervelim
476 3560 515 3570 -
536 3541 592 3586 uec
613 3542 716 3587 omnes
735 3529 871 3586 auctores
890 3529 960 3585 suut
987 3556 1025 3569 -·

775 3609 819 3670 ἦ*
