<?xml version="1.0" encoding="UTF-8"?>
<!DOCTYPE html PUBLIC "-//W3C//DTD XHTML 1.0 Transitional//EN"
    "http://www.w3.org/TR/xhtml1/DTD/xhtml1-transitional.dtd">
<html xmlns="http://www.w3.org/1999/xhtml" xml:lang="en" lang="en">
 <head>
  <title>
</title>
<meta http-equiv="Content-Type" content="text/html;charset=utf-8" />
  <meta name='ocr-system' content='tesseract 3.04.00' />
  <meta name='ocr-capabilities' content='ocr_page ocr_carea ocr_par ocr_line ocrx_word'/>
</head>
<body>
  <div class='ocr_page' id='page_1' title='image "./aburbeconditali12livygoog_0311.png"; bbox 0 0 2575 4067; ppageno 0'>
   <div class='ocr_carea' id='block_1_1' title="bbox 265 228 1023 314">
    <p class='ocr_par' dir='ltr' id='par_1_1' title="bbox 265 228 1023 314">
     <span class='ocr_line' id='line_1_1' title="bbox 265 228 1023 314; baseline 0 -23"><span class='ocrx_word' id='word_1_1' title='bbox 265 250 357 292; x_wconf 75' lang='lat' dir='ltr'><strong>ursan</strong></span> <span class='ocrx_word' id='word_1_2' title='bbox 372 250 447 291; x_wconf 85' lang='lat' dir='ltr'><strong>xxu.</strong></span> <span class='ocrx_word' id='word_1_3' title='bbox 464 249 531 291; x_wconf 69' lang='lat' dir='ltr'><strong>our.</strong></span> <span class='ocrx_word' id='word_1_4' title='bbox 549 236 590 286; x_wconf 81' lang='lat' dir='ltr'><strong>ta.</strong></span> <span class='ocrx_word' id='word_1_5' title='bbox 607 237 650 290; x_wconf 82' lang='lat' dir='ltr'><strong>tto.</strong></span> <span class='ocrx_word' id='word_1_6' title='bbox 668 228 707 309; x_wconf 82' lang='lat' dir='ltr'><strong>[a.</strong></span> <span class='ocrx_word' id='word_1_7' title='bbox 725 232 758 294; x_wconf 82' lang='lat' dir='ltr'><strong>O.</strong></span> <span class='ocrx_word' id='word_1_8' title='bbox 773 231 834 314; x_wconf 74' lang='lat' dir='ltr'><strong>ate]</strong></span> <span class='ocrx_word' id='word_1_9' title='bbox 963 238 1023 301; x_wconf 72' lang='lat'><strong>305</strong></span> 
     </span>
    </p>
   </div>
   <div class='ocr_carea' id='block_1_2' title="bbox 65 395 1074 3541">
    <p class='ocr_par' dir='ltr' id='par_1_2' title="bbox 65 395 1074 2380">
     <span class='ocr_line' id='line_1_2' title="bbox 72 395 1060 460; baseline -0.002 -1"><span class='ocrx_word' id='word_1_10' title='bbox 72 398 134 459; x_wconf 85' lang='lat' dir='ltr'><strong>eins</strong></span> <span class='ocrx_word' id='word_1_11' title='bbox 154 414 314 457; x_wconf 84' lang='lat' dir='ltr'><strong>memorem</strong></span> <span class='ocrx_word' id='word_1_12' title='bbox 338 403 366 455; x_wconf 90' lang='lat' dir='ltr'><strong>et</strong></span> <span class='ocrx_word' id='word_1_13' title='bbox 387 395 490 455; x_wconf 79' lang='lat' dir='ltr'><strong>vixisse</strong></span> <span class='ocrx_word' id='word_1_14' title='bbox 512 395 606 456; x_wconf 88' lang='lat' dir='ltr'><strong>adhuc</strong></span> <span class='ocrx_word' id='word_1_15' title='bbox 627 405 656 457; x_wconf 91' lang='lat' dir='ltr'><strong>et</strong></span> <span class='ocrx_word' id='word_1_16' title='bbox 676 396 760 455; x_wconf 84' lang='lat' dir='ltr'><strong>morl.</strong></span> <span class='ocrx_word' id='word_1_17' title='bbox 792 406 901 458; x_wconf 81' lang='lat' dir='ltr'><strong>memet</strong></span> <span class='ocrx_word' id='word_1_18' title='bbox 918 400 949 460; x_wconf 89' lang='lat' dir='ltr'><strong>in</strong></span> <span class='ocrx_word' id='word_1_19' title='bbox 965 396 1021 460; x_wconf 89' lang='lat' dir='ltr'><strong>bac</strong></span> <span class='ocrx_word' id='word_1_20' title='bbox 1033 405 1060 459; x_wconf 90' lang='lat' dir='ltr'><strong>lt</strong></span> 
     </span>
     <span class='ocr_line' id='line_1_3' title="bbox 72 478 1023 558; baseline 0.002 -18"><span class='ocrx_word' id='word_1_21' title='bbox 72 488 169 558; x_wconf 78' lang='lat' dir='ltr'><strong>strage</strong></span> <span class='ocrx_word' id='word_1_22' title='bbox 184 478 307 539; x_wconf 90' lang='lat' dir='ltr'><strong>militum</strong></span> <span class='ocrx_word' id='word_1_23' title='bbox 324 495 457 538; x_wconf 88' lang='lat' dir='ltr'><strong>meorum</strong></span> <span class='ocrx_word' id='word_1_24' title='bbox 479 485 580 557; x_wconf 89' lang='lat' dir='ltr'><strong>patere</strong></span> <span class='ocrx_word' id='word_1_25' title='bbox 597 480 746 558; x_wconf 86' lang='lat' dir='ltr'><strong>expirare,</strong></span> <span class='ocrx_word' id='word_1_26' title='bbox 770 495 806 538; x_wconf 94' lang='lat' dir='ltr'><strong>ne</strong></span> <span class='ocrx_word' id='word_1_27' title='bbox 822 488 871 540; x_wconf 94' lang='lat' dir='ltr'><strong>aut</strong></span> <span class='ocrx_word' id='word_1_28' title='bbox 885 498 953 541; x_wconf 89' lang='lat' dir='ltr'><strong>reus</strong></span> <span class='ocrx_word' id='word_1_29' title='bbox 969 482 1023 542; x_wconf 89' lang='lat' dir='ltr'><strong>ite·</strong></span> 
     </span>
     <span class='ocr_line' id='line_1_4' title="bbox 72 560 1024 639; baseline 0.003 -17"><span class='ocrx_word' id='word_1_30' title='bbox 72 580 168 623; x_wconf 82' lang='lat' dir='ltr'><strong>cume</strong></span> <span class='ocrx_word' id='word_1_31' title='bbox 190 560 343 623; x_wconf 85' lang='lat' dir='ltr'><strong>consulatu</strong></span> <span class='ocrx_word' id='word_1_32' title='bbox 363 562 418 622; x_wconf 87' lang='lat' dir='ltr'><strong>sim</strong></span> <span class='ocrx_word' id='word_1_33' title='bbox 443 568 493 621; x_wconf 89' lang='lat' dir='ltr'><strong>aut</strong></span> <span class='ocrx_word' id='word_1_34' title='bbox 507 569 660 621; x_wconf 88' lang='lat' dir='ltr'><strong>accusator</strong></span> <span class='ocrx_word' id='word_1_35' title='bbox 685 560 823 639; x_wconf 80' lang='lat' dir='ltr'><strong>conlegae</strong></span> <span class='ocrx_word' id='word_1_36' title='bbox 839 564 975 633; x_wconf 80' lang='lat' dir='ltr'><strong>existam,</strong></span> <span class='ocrx_word' id='word_1_37' title='bbox 992 573 1024 625; x_wconf 91' lang='lat' dir='ltr'><strong>ut</strong></span> 
     </span>
     <span class='ocr_line' id='line_1_5' title="bbox 71 644 1065 726; baseline 0.001 -22"><span class='ocrx_word' id='word_1_38' title='bbox 71 644 166 705; x_wconf 86' lang='lat' dir='ltr'><strong>alieno</strong></span> <span class='ocrx_word' id='word_1_39' title='bbox 182 646 305 705; x_wconf 89' lang='lat' dir='ltr'><strong>crimine</strong></span> <span class='ocrx_word' id='word_1_40' title='bbox 325 644 523 704; x_wconf 82' lang='lat' dir='ltr'><strong>innocentiam</strong></span> <span class='ocrx_word' id='word_1_41' title='bbox 540 661 634 706; x_wconf 90' lang='lat' dir='ltr'><strong>meam</strong></span> <span class='ocrx_word' id='word_1_42' title='bbox 654 651 839 725; x_wconf 88' lang='lat' dir='ltr'><strong>protegam.“</strong></span> <span class='ocrx_word' id='word_1_43' title='bbox 868 645 941 706; x_wconf 91' lang='lat' dir='ltr'><strong>baec</strong></span> <span class='ocrx_word' id='word_1_44' title='bbox 955 644 1021 726; x_wconf 85' lang='lat' dir='ltr'><strong>[ex]</strong></span> <span class='ocrx_word' id='word_1_45' title='bbox 1035 654 1065 705; x_wconf 83' lang='lat' dir='ltr'><strong>tt</strong></span> 
     </span>
     <span class='ocr_line' id='line_1_6' title="bbox 71 725 1023 807; baseline 0 -19"><span class='ocrx_word' id='word_1_46' title='bbox 71 729 271 807; x_wconf 89' lang='lat' dir='ltr'><strong>agentisprius</strong></span> <span class='ocrx_word' id='word_1_47' title='bbox 284 725 548 805; x_wconf 89' lang='lat' dir='ltr'><strong>tnrbaiugieutium</strong></span> <span class='ocrx_word' id='word_1_48' title='bbox 557 728 671 796; x_wconf 83' lang='lat' dir='ltr'><strong>civium,</strong></span> <span class='ocrx_word' id='word_1_49' title='bbox 685 726 1023 807; x_wconf 88' lang='lat' dir='ltr'><strong>deindebostesoppres·</strong></span> 
     </span>
     <span class='ocr_line' id='line_1_7' title="bbox 69 808 1021 889; baseline -0.001 -18"><span class='ocrx_word' id='word_1_50' title='bbox 69 828 150 871; x_wconf 89' lang='lat' dir='ltr'><strong>sere:</strong></span> <span class='ocrx_word' id='word_1_51' title='bbox 163 808 322 878; x_wconf 90' lang='lat' dir='ltr'><strong>consulem,</strong></span> <span class='ocrx_word' id='word_1_52' title='bbox 337 810 516 886; x_wconf 75' lang='lat' dir='ltr'><strong>Ignorantes,</strong></span> <span class='ocrx_word' id='word_1_53' title='bbox 524 811 588 889; x_wconf 88' lang='lat' dir='ltr'><strong>quis</strong></span> <span class='ocrx_word' id='word_1_54' title='bbox 596 818 681 879; x_wconf 88' lang='lat' dir='ltr'><strong>esset,</strong></span> <span class='ocrx_word' id='word_1_55' title='bbox 689 809 853 870; x_wconf 89' lang='lat' dir='ltr'><strong>obruerunt</strong></span> <span class='ocrx_word' id='word_1_56' title='bbox 864 811 938 881; x_wconf 88' lang='lat' dir='ltr'><strong>telis,</strong></span> <span class='ocrx_word' id='word_1_57' title='bbox 946 812 1021 872; x_wconf 92' lang='lat' dir='ltr'><strong>Len·</strong></span> 
     </span>
     <span class='ocr_line' id='line_1_8' title="bbox 69 891 1065 974; baseline 0 -20"><span class='ocrx_word' id='word_1_58' title='bbox 69 892 162 954; x_wconf 91' lang='lat' dir='ltr'><strong>tulum</strong></span> <span class='ocrx_word' id='word_1_59' title='bbox 178 894 255 952; x_wconf 90' lang='lat' dir='ltr'><strong>inter</strong></span> <span class='ocrx_word' id='word_1_60' title='bbox 269 891 423 952; x_wconf 87' lang='lat' dir='ltr'><strong>tumultum</strong></span> <span class='ocrx_word' id='word_1_61' title='bbox 442 891 567 971; x_wconf 79' lang='lat' dir='ltr'><strong>abripuit</strong></span> <span class='ocrx_word' id='word_1_62' title='bbox 579 911 680 972; x_wconf 91' lang='lat' dir='ltr'><strong>equus.</strong></span> <span class='ocrx_word' id='word_1_63' title='bbox 711 900 771 953; x_wconf 89' lang='lat' dir='ltr'><strong>turn</strong></span> <span class='ocrx_word' id='word_1_64' title='bbox 789 892 917 974; x_wconf 90' lang='lat' dir='ltr'><strong>undique</strong></span> <span class='ocrx_word' id='word_1_65' title='bbox 933 895 1023 954; x_wconf 83' lang='lat' dir='ltr'><strong>effuse</strong></span> <span class='ocrx_word' id='word_1_66' title='bbox 1035 902 1065 954; x_wconf 81' lang='lat' dir='ltr'><strong>te</strong></span> 
     </span>
     <span class='ocr_line' id='line_1_9' title="bbox 69 974 1023 1053; baseline 0.002 -18"><span class='ocrx_word' id='word_1_67' title='bbox 69 975 193 1053; x_wconf 87' lang='lat' dir='ltr'><strong>lugiunt.</strong></span> <span class='ocrx_word' id='word_1_68' title='bbox 224 983 335 1053; x_wconf 89' lang='lat' dir='ltr'><strong>septem</strong></span> <span class='ocrx_word' id='word_1_69' title='bbox 355 974 432 1037; x_wconf 91' lang='lat' dir='ltr'><strong>milia</strong></span> <span class='ocrx_word' id='word_1_70' title='bbox 449 976 600 1036; x_wconf 87' lang='lat' dir='ltr'><strong>bominum</strong></span> <span class='ocrx_word' id='word_1_71' title='bbox 616 977 647 1035; x_wconf 92' lang='lat' dir='ltr'><strong>in</strong></span> <span class='ocrx_word' id='word_1_72' title='bbox 664 977 777 1037; x_wconf 90' lang='lat' dir='ltr'><strong>minora</strong></span> <span class='ocrx_word' id='word_1_73' title='bbox 793 985 903 1046; x_wconf 87' lang='lat' dir='ltr'><strong>castra,</strong></span> <span class='ocrx_word' id='word_1_74' title='bbox 921 977 1023 1037; x_wconf 87' lang='lat' dir='ltr'><strong>decem</strong></span> 
     </span>
     <span class='ocr_line' id='line_1_10' title="bbox 69 1057 1022 1141; baseline 0 -22"><span class='ocrx_word' id='word_1_75' title='bbox 69 1060 100 1119; x_wconf 91' lang='lat' dir='ltr'><strong>in</strong></span> <span class='ocrx_word' id='word_1_76' title='bbox 117 1059 242 1127; x_wconf 89' lang='lat' dir='ltr'><strong>maiora,</strong></span> <span class='ocrx_word' id='word_1_77' title='bbox 262 1058 319 1118; x_wconf 91' lang='lat' dir='ltr'><strong>duo</strong></span> <span class='ocrx_word' id='word_1_78' title='bbox 331 1057 422 1118; x_wconf 84' lang='lat' dir='ltr'><strong>terme</strong></span> <span class='ocrx_word' id='word_1_79' title='bbox 433 1060 464 1120; x_wconf 91' lang='lat' dir='ltr'><strong>ln</strong></span> <span class='ocrx_word' id='word_1_80' title='bbox 475 1060 570 1119; x_wconf 82' lang='lat' dir='ltr'><strong>vicum</strong></span> <span class='ocrx_word' id='word_1_81' title='bbox 584 1060 679 1138; x_wconf 89' lang='lat' dir='ltr'><strong>ipsum</strong></span> <span class='ocrx_word' id='word_1_82' title='bbox 696 1059 809 1121; x_wconf 66' lang='lat' dir='ltr'><strong>&amp;unas</strong></span> <span class='ocrx_word' id='word_1_83' title='bbox 820 1060 1022 1141; x_wconf 82' lang='lat' dir='ltr'><strong>perfugerunt,</strong></span> 
     </span>
     <span class='ocr_line' id='line_1_11' title="bbox 69 1139 1022 1222; baseline 0.003 -23"><span class='ocrx_word' id='word_1_84' title='bbox 69 1142 120 1220; x_wconf 91' lang='lat' dir='ltr'><strong>qui</strong></span> <span class='ocrx_word' id='word_1_85' title='bbox 140 1139 284 1220; x_wconf 85' lang='lat' dir='ltr'><strong>extemplo</strong></span> <span class='ocrx_word' id='word_1_86' title='bbox 305 1158 322 1200; x_wconf 91' lang='lat' dir='ltr'><strong>a</strong></span> <span class='ocrx_word' id='word_1_87' title='bbox 348 1141 524 1202; x_wconf 86' lang='lat' dir='ltr'><strong>Carthalone</strong></span> <span class='ocrx_word' id='word_1_88' title='bbox 549 1149 636 1222; x_wconf 89' lang='lat' dir='ltr'><strong>atque</strong></span> <span class='ocrx_word' id='word_1_89' title='bbox 658 1141 803 1222; x_wconf 91' lang='lat' dir='ltr'><strong>equitibus</strong></span> <span class='ocrx_word' id='word_1_90' title='bbox 824 1142 905 1204; x_wconf 90' lang='lat' dir='ltr'><strong>nullo</strong></span> <span class='ocrx_word' id='word_1_91' title='bbox 927 1143 1022 1203; x_wconf 89' lang='lat' dir='ltr'><strong>muni·</strong></span> 
     </span>
     <span class='ocr_line' id='line_1_12' title="bbox 68 1226 1066 1302; baseline 0 -18"><span class='ocrx_word' id='word_1_92' title='bbox 68 1233 169 1284; x_wconf 87' lang='lat' dir='ltr'><strong>mento</strong></span> <span class='ocrx_word' id='word_1_93' title='bbox 183 1233 300 1302; x_wconf 91' lang='lat' dir='ltr'><strong>tegente</strong></span> <span class='ocrx_word' id='word_1_94' title='bbox 316 1226 409 1284; x_wconf 88' lang='lat' dir='ltr'><strong>vicum</strong></span> <span class='ocrx_word' id='word_1_95' title='bbox 427 1227 617 1285; x_wconf 85' lang='lat' dir='ltr'><strong>circumventi</strong></span> <span class='ocrx_word' id='word_1_96' title='bbox 636 1234 712 1285; x_wconf 89' lang='lat' dir='ltr'><strong>sunt.</strong></span> <span class='ocrx_word' id='word_1_97' title='bbox 748 1226 849 1286; x_wconf 90' lang='lat' dir='ltr'><strong>consul</strong></span> <span class='ocrx_word' id='word_1_98' title='bbox 865 1226 951 1296; x_wconf 89' lang='lat' dir='ltr'><strong>alter,</strong></span> <span class='ocrx_word' id='word_1_99' title='bbox 970 1244 1022 1286; x_wconf 90' lang='lat' dir='ltr'><strong>seu</strong></span> <span class='ocrx_word' id='word_1_100' title='bbox 1035 1236 1066 1285; x_wconf 76' lang='lat'><strong>14</strong></span> 
     </span>
     <span class='ocr_line' id='line_1_13' title="bbox 68 1306 1021 1387; baseline 0.003 -21"><span class='ocrx_word' id='word_1_101' title='bbox 68 1306 146 1366; x_wconf 86' lang='lat' dir='ltr'><strong>lorte</strong></span> <span class='ocrx_word' id='word_1_102' title='bbox 162 1325 213 1368; x_wconf 87' lang='lat' dir='ltr'><strong>seu</strong></span> <span class='ocrx_word' id='word_1_103' title='bbox 234 1306 356 1367; x_wconf 90' lang='lat' dir='ltr'><strong>consilio</strong></span> <span class='ocrx_word' id='word_1_104' title='bbox 378 1306 451 1367; x_wconf 94' lang='lat' dir='ltr'><strong>nulli</strong></span> <span class='ocrx_word' id='word_1_105' title='bbox 472 1308 645 1386; x_wconf 78' lang='lat' dir='ltr'><strong>fugientium</strong></span> <span class='ocrx_word' id='word_1_106' title='bbox 669 1309 797 1369; x_wconf 87' lang='lat' dir='ltr'><strong>insertus</strong></span> <span class='ocrx_word' id='word_1_107' title='bbox 812 1311 937 1387; x_wconf 86' lang='lat' dir='ltr'><strong>agmini,</strong></span> <span class='ocrx_word' id='word_1_108' title='bbox 955 1327 1021 1369; x_wconf 90' lang='lat' dir='ltr'><strong>cum</strong></span> 
     </span>
     <span class='ocr_line' id='line_1_14' title="bbox 67 1390 1064 1471; baseline 0.001 -21"><span class='ocrx_word' id='word_1_109' title='bbox 67 1390 276 1470; x_wconf 89' lang='lat' dir='ltr'><strong>quinquaginta</strong></span> <span class='ocrx_word' id='word_1_110' title='bbox 298 1390 361 1450; x_wconf 88' lang='lat' dir='ltr'><strong>lere</strong></span> <span class='ocrx_word' id='word_1_111' title='bbox 382 1390 527 1469; x_wconf 90' lang='lat' dir='ltr'><strong>equitibus</strong></span> <span class='ocrx_word' id='word_1_112' title='bbox 542 1390 697 1451; x_wconf 87' lang='lat' dir='ltr'><strong>Venusiam</strong></span> <span class='ocrx_word' id='word_1_113' title='bbox 719 1392 857 1471; x_wconf 82' lang='lat' dir='ltr'><strong>perfugit.</strong></span> <span class='ocrx_word' id='word_1_114' title='bbox 893 1391 1019 1471; x_wconf 87' lang='lat' dir='ltr'><strong>quadra·</strong></span> <span class='ocrx_word' id='word_1_115' title='bbox 1033 1401 1064 1451; x_wconf 81' lang='lat' dir='ltr'><strong>lt</strong></span> 
     </span>
     <span class='ocr_line' id='line_1_15' title="bbox 68 1471 1023 1554; baseline 0.002 -22"><span class='ocrx_word' id='word_1_116' title='bbox 68 1475 147 1551; x_wconf 87' lang='lat' dir='ltr'><strong>ginta</strong></span> <span class='ocrx_word' id='word_1_117' title='bbox 161 1474 289 1552; x_wconf 92' lang='lat' dir='ltr'><strong>quinque</strong></span> <span class='ocrx_word' id='word_1_118' title='bbox 313 1471 390 1533; x_wconf 86' lang='lat' dir='ltr'><strong>milla</strong></span> <span class='ocrx_word' id='word_1_119' title='bbox 412 1475 563 1553; x_wconf 83' lang='lat' dir='ltr'><strong>quingenti</strong></span> <span class='ocrx_word' id='word_1_120' title='bbox 585 1475 715 1553; x_wconf 85' lang='lat' dir='ltr'><strong>pedites,</strong></span> <span class='ocrx_word' id='word_1_121' title='bbox 738 1474 796 1536; x_wconf 87' lang='lat' dir='ltr'><strong>duo</strong></span> <span class='ocrx_word' id='word_1_122' title='bbox 817 1474 896 1535; x_wconf 90' lang='lat' dir='ltr'><strong>milia</strong></span> <span class='ocrx_word' id='word_1_123' title='bbox 912 1477 1023 1554; x_wconf 91' lang='lat' dir='ltr'><strong>septin-</strong></span> 
     </span>
     <span class='ocr_line' id='line_1_16' title="bbox 67 1557 1021 1638; baseline 0.002 -23"><span class='ocrx_word' id='word_1_124' title='bbox 67 1557 147 1634; x_wconf 83' lang='lat' dir='ltr'><strong>genti</strong></span> <span class='ocrx_word' id='word_1_125' title='bbox 166 1558 292 1635; x_wconf 87' lang='lat' dir='ltr'><strong>equites,</strong></span> <span class='ocrx_word' id='word_1_126' title='bbox 320 1563 349 1616; x_wconf 87' lang='lat' dir='ltr'><strong>et</strong></span> <span class='ocrx_word' id='word_1_127' title='bbox 368 1564 448 1617; x_wconf 90' lang='lat' dir='ltr'><strong>tanta</strong></span> <span class='ocrx_word' id='word_1_128' title='bbox 475 1574 567 1638; x_wconf 87' lang='lat' dir='ltr'><strong>prope</strong></span> <span class='ocrx_word' id='word_1_129' title='bbox 589 1559 693 1618; x_wconf 89' lang='lat' dir='ltr'><strong>civium</strong></span> <span class='ocrx_word' id='word_1_130' title='bbox 718 1559 923 1638; x_wconf 90' lang='lat' dir='ltr'><strong>sociorumque</strong></span> <span class='ocrx_word' id='word_1_131' title='bbox 943 1575 1021 1638; x_wconf 84' lang='lat' dir='ltr'><strong>pars,</strong></span> 
     </span>
     <span class='ocr_line' id='line_1_17' title="bbox 70 1638 1064 1721; baseline 0 -22"><span class='ocrx_word' id='word_1_132' title='bbox 70 1640 148 1700; x_wconf 88' lang='lat' dir='ltr'><strong>caesi</strong></span> <span class='ocrx_word' id='word_1_133' title='bbox 166 1638 317 1707; x_wconf 76' lang='lat' dir='ltr'><strong>dicuntur:</strong></span> <span class='ocrx_word' id='word_1_134' title='bbox 339 1640 370 1699; x_wconf 91' lang='lat' dir='ltr'><strong>ln</strong></span> <span class='ocrx_word' id='word_1_135' title='bbox 384 1639 431 1700; x_wconf 90' lang='lat' dir='ltr'><strong>his</strong></span> <span class='ocrx_word' id='word_1_136' title='bbox 446 1640 532 1701; x_wconf 88' lang='lat' dir='ltr'><strong>ambo</strong></span> <span class='ocrx_word' id='word_1_137' title='bbox 548 1640 700 1701; x_wconf 88' lang='lat' dir='ltr'><strong>consulum</strong></span> <span class='ocrx_word' id='word_1_138' title='bbox 718 1650 895 1721; x_wconf 88' lang='lat' dir='ltr'><strong>quaestores,</strong></span> <span class='ocrx_word' id='word_1_139' title='bbox 911 1642 944 1703; x_wconf 87' lang='lat' dir='ltr'><strong>L.</strong></span> <span class='ocrx_word' id='word_1_140' title='bbox 960 1641 1064 1702; x_wconf 76' lang='lat' dir='ltr'><strong>att-10</strong></span> 
     </span>
     <span class='ocr_line' id='line_1_18' title="bbox 67 1721 1021 1803; baseline 0.003 -22"><span class='ocrx_word' id='word_1_141' title='bbox 67 1721 125 1782; x_wconf 88' lang='lat' dir='ltr'><strong>iius</strong></span> <span class='ocrx_word' id='word_1_142' title='bbox 137 1732 165 1784; x_wconf 90' lang='lat' dir='ltr'><strong>et</strong></span> <span class='ocrx_word' id='word_1_143' title='bbox 179 1723 211 1784; x_wconf 90' lang='lat' dir='ltr'><strong>L.</strong></span> <span class='ocrx_word' id='word_1_144' title='bbox 228 1722 334 1783; x_wconf 80' lang='lat' dir='ltr'><strong>Furius</strong></span> <span class='ocrx_word' id='word_1_145' title='bbox 350 1722 521 1792; x_wconf 80' lang='lat' dir='ltr'><strong>Bibaculus,</strong></span> <span class='ocrx_word' id='word_1_146' title='bbox 537 1731 567 1783; x_wconf 91' lang='lat' dir='ltr'><strong>et</strong></span> <span class='ocrx_word' id='word_1_147' title='bbox 581 1725 682 1803; x_wconf 84' lang='lat' dir='ltr'><strong>viginti</strong></span> <span class='ocrx_word' id='word_1_148' title='bbox 699 1742 801 1785; x_wconf 85' lang='lat' dir='ltr'><strong>norem</strong></span> <span class='ocrx_word' id='word_1_149' title='bbox 819 1725 930 1786; x_wconf 89' lang='lat' dir='ltr'><strong>tribuni</strong></span> <span class='ocrx_word' id='word_1_150' title='bbox 944 1724 1021 1785; x_wconf 89' lang='lat' dir='ltr'><strong>mili·</strong></span> 
     </span>
     <span class='ocr_line' id='line_1_19' title="bbox 67 1804 1074 1886; baseline 0.003 -21"><span class='ocrx_word' id='word_1_151' title='bbox 67 1817 144 1875; x_wconf 89' lang='lat' dir='ltr'><strong>tum,</strong></span> <span class='ocrx_word' id='word_1_152' title='bbox 160 1804 328 1866; x_wconf 89' lang='lat' dir='ltr'><strong>consulares</strong></span> <span class='ocrx_word' id='word_1_153' title='bbox 351 1805 468 1883; x_wconf 87' lang='lat' dir='ltr'><strong>quidam</strong></span> <span class='ocrx_word' id='word_1_154' title='bbox 489 1809 686 1886; x_wconf 89' lang='lat' dir='ltr'><strong>praetoriique</strong></span> <span class='ocrx_word' id='word_1_155' title='bbox 706 1817 736 1867; x_wconf 90' lang='lat' dir='ltr'><strong>et</strong></span> <span class='ocrx_word' id='word_1_156' title='bbox 751 1807 875 1868; x_wconf 89' lang='lat' dir='ltr'><strong>aedilicii</strong></span> <span class='ocrx_word' id='word_1_157' title='bbox 890 1844 930 1853; x_wconf 97' lang='lat'><strong>—</strong></span> <span class='ocrx_word' id='word_1_158' title='bbox 945 1808 1022 1868; x_wconf 90' lang='lat' dir='ltr'><strong>inter</strong></span> <span class='ocrx_word' id='word_1_159' title='bbox 1071 1825 1074 1831; x_wconf 48' lang='lat'><em>¹</em></span> 
     </span>
     <span class='ocr_line' id='line_1_20' title="bbox 67 1886 1019 1959; baseline 0.003 -11"><span class='ocrx_word' id='word_1_160' title='bbox 67 1905 118 1948; x_wconf 90' lang='lat' dir='ltr'><strong>eos</strong></span> <span class='ocrx_word' id='word_1_161' title='bbox 140 1889 191 1950; x_wconf 87' lang='lat' dir='ltr'><strong>Cn.</strong></span> <span class='ocrx_word' id='word_1_162' title='bbox 216 1886 370 1949; x_wconf 83' lang='lat' dir='ltr'><strong>Servilium</strong></span> <span class='ocrx_word' id='word_1_163' title='bbox 394 1888 547 1947; x_wconf 88' lang='lat' dir='ltr'><strong>Geminum</strong></span> <span class='ocrx_word' id='word_1_164' title='bbox 572 1900 601 1947; x_wconf 91' lang='lat' dir='ltr'><strong>et</strong></span> <span class='ocrx_word' id='word_1_165' title='bbox 614 1889 653 1950; x_wconf 86' lang='lat' dir='ltr'><strong>bl.</strong></span> <span class='ocrx_word' id='word_1_166' title='bbox 673 1890 831 1949; x_wconf 85' lang='lat' dir='ltr'><strong>Minucium</strong></span> <span class='ocrx_word' id='word_1_167' title='bbox 852 1899 1019 1959; x_wconf 89' lang='lat' dir='ltr'><strong>numerant,</strong></span> 
     </span>
     <span class='ocr_line' id='line_1_21' title="bbox 67 1970 1024 2050; baseline 0.003 -20"><span class='ocrx_word' id='word_1_168' title='bbox 67 1971 116 2050; x_wconf 91' lang='lat' dir='ltr'><strong>qui</strong></span> <span class='ocrx_word' id='word_1_169' title='bbox 127 1972 266 2050; x_wconf 86' lang='lat' dir='ltr'><strong>magister</strong></span> <span class='ocrx_word' id='word_1_170' title='bbox 278 1971 407 2050; x_wconf 89' lang='lat' dir='ltr'><strong>equiturn</strong></span> <span class='ocrx_word' id='word_1_171' title='bbox 419 1971 518 2048; x_wconf 90' lang='lat' dir='ltr'><strong>priore</strong></span> <span class='ocrx_word' id='word_1_172' title='bbox 529 1986 615 2039; x_wconf 90' lang='lat' dir='ltr'><strong>anno,</strong></span> <span class='ocrx_word' id='word_1_173' title='bbox 631 1970 741 2050; x_wconf 89' lang='lat' dir='ltr'><strong>aliquot</strong></span> <span class='ocrx_word' id='word_1_174' title='bbox 749 1974 833 2032; x_wconf 92' lang='lat' dir='ltr'><strong>annis</strong></span> <span class='ocrx_word' id='word_1_175' title='bbox 844 1980 911 2032; x_wconf 91' lang='lat' dir='ltr'><strong>ante</strong></span> <span class='ocrx_word' id='word_1_176' title='bbox 921 1979 1024 2035; x_wconf 72' lang='lat' dir='ltr'><strong>coemi</strong></span> 
     </span>
     <span class='ocr_line' id='line_1_22' title="bbox 65 2055 1061 2133; baseline -0.002 -19"><span class='ocrx_word' id='word_1_177' title='bbox 65 2055 163 2115; x_wconf 83' lang='lat' dir='ltr'><strong>luerat</strong></span> <span class='ocrx_word' id='word_1_178' title='bbox 171 2056 375 2131; x_wconf 90' lang='lat' dir='ltr'><strong>-,octoginta</strong></span> <span class='ocrx_word' id='word_1_179' title='bbox 387 2061 537 2131; x_wconf 89' lang='lat' dir='ltr'><strong>praeterea</strong></span> <span class='ocrx_word' id='word_1_180' title='bbox 552 2057 922 2132; x_wconf 86' lang='lat' dir='ltr'><strong>autsenatoresautquieos</strong></span> <span class='ocrx_word' id='word_1_181' title='bbox 930 2058 1021 2133; x_wconf 90' lang='lat' dir='ltr'><strong>magl-</strong></span> <span class='ocrx_word' id='word_1_182' title='bbox 1033 2063 1061 2113; x_wconf 79' lang='lat' dir='ltr'><strong>tt</strong></span> 
     </span>
     <span class='ocr_line' id='line_1_23' title="bbox 66 2134 1023 2215; baseline 0 -18"><span class='ocrx_word' id='word_1_183' title='bbox 66 2146 175 2199; x_wconf 85' lang='lat' dir='ltr'><strong>stratus</strong></span> <span class='ocrx_word' id='word_1_184' title='bbox 187 2139 358 2215; x_wconf 78' lang='lat' dir='ltr'><strong>gessissent,</strong></span> <span class='ocrx_word' id='word_1_185' title='bbox 373 2135 451 2195; x_wconf 88' lang='lat' dir='ltr'><strong>uude</strong></span> <span class='ocrx_word' id='word_1_186' title='bbox 463 2137 493 2194; x_wconf 94' lang='lat' dir='ltr'><strong>in</strong></span> <span class='ocrx_word' id='word_1_187' title='bbox 506 2142 637 2195; x_wconf 90' lang='lat' dir='ltr'><strong>senatum</strong></span> <span class='ocrx_word' id='word_1_188' title='bbox 652 2134 709 2213; x_wconf 90' lang='lat' dir='ltr'><strong>legi</strong></span> <span class='ocrx_word' id='word_1_189' title='bbox 722 2135 878 2206; x_wconf 88' lang='lat' dir='ltr'><strong>deberent,</strong></span> <span class='ocrx_word' id='word_1_190' title='bbox 891 2155 957 2197; x_wconf 90' lang='lat' dir='ltr'><strong>cum</strong></span> <span class='ocrx_word' id='word_1_191' title='bbox 971 2155 1023 2197; x_wconf 88' lang='lat' dir='ltr'><strong>sua</strong></span> 
     </span>
     <span class='ocr_line' id='line_1_24' title="bbox 67 2216 1062 2298; baseline -0.001 -20"><span class='ocrx_word' id='word_1_192' title='bbox 67 2218 214 2280; x_wconf 87' lang='lat' dir='ltr'><strong>voluntate</strong></span> <span class='ocrx_word' id='word_1_193' title='bbox 226 2218 331 2279; x_wconf 87' lang='lat' dir='ltr'><strong>milites</strong></span> <span class='ocrx_word' id='word_1_194' title='bbox 347 2219 379 2278; x_wconf 92' lang='lat' dir='ltr'><strong>in</strong></span> <span class='ocrx_word' id='word_1_195' title='bbox 390 2216 553 2296; x_wconf 90' lang='lat' dir='ltr'><strong>legionibus</strong></span> <span class='ocrx_word' id='word_1_196' title='bbox 565 2217 633 2278; x_wconf 89' lang='lat' dir='ltr'><strong>lacti</strong></span> <span class='ocrx_word' id='word_1_197' title='bbox 644 2227 749 2278; x_wconf 90' lang='lat' dir='ltr'><strong>essent.</strong></span> <span class='ocrx_word' id='word_1_198' title='bbox 766 2226 848 2298; x_wconf 90' lang='lat' dir='ltr'><strong>capta</strong></span> <span class='ocrx_word' id='word_1_199' title='bbox 861 2237 896 2279; x_wconf 90' lang='lat' dir='ltr'><strong>eo</strong></span> <span class='ocrx_word' id='word_1_200' title='bbox 907 2219 1019 2298; x_wconf 92' lang='lat' dir='ltr'><strong>proelio</strong></span> <span class='ocrx_word' id='word_1_201' title='bbox 1034 2226 1062 2278; x_wconf 80' lang='lat' dir='ltr'><strong>le</strong></span> 
     </span>
     <span class='ocr_line' id='line_1_25' title="bbox 67 2299 994 2380; baseline 0.005 -22"><span class='ocrx_word' id='word_1_202' title='bbox 67 2303 123 2360; x_wconf 90' lang='lat' dir='ltr'><strong>tria</strong></span> <span class='ocrx_word' id='word_1_203' title='bbox 137 2300 216 2360; x_wconf 91' lang='lat' dir='ltr'><strong>milia</strong></span> <span class='ocrx_word' id='word_1_204' title='bbox 230 2300 360 2380; x_wconf 88' lang='lat' dir='ltr'><strong>peditum</strong></span> <span class='ocrx_word' id='word_1_205' title='bbox 380 2309 408 2360; x_wconf 91' lang='lat' dir='ltr'><strong>et</strong></span> <span class='ocrx_word' id='word_1_206' title='bbox 421 2301 532 2379; x_wconf 90' lang='lat' dir='ltr'><strong>equites</strong></span> <span class='ocrx_word' id='word_1_207' title='bbox 550 2299 629 2361; x_wconf 88' lang='lat' dir='ltr'><strong>mille</strong></span> <span class='ocrx_word' id='word_1_208' title='bbox 642 2309 672 2361; x_wconf 90' lang='lat' dir='ltr'><strong>et</strong></span> <span class='ocrx_word' id='word_1_209' title='bbox 683 2302 834 2380; x_wconf 85' lang='lat' dir='ltr'><strong>quingenti</strong></span> <span class='ocrx_word' id='word_1_210' title='bbox 849 2300 994 2363; x_wconf 85' lang='lat' dir='ltr'><strong>dicuntur.</strong></span> 
     </span>
    </p>

    <p class='ocr_par' dir='ltr' id='par_1_3' title="bbox 67 2382 1050 2940">
     <span class='ocr_line' id='line_1_26' title="bbox 130 2382 1047 2461; baseline -0.001 -17"><span class='ocrx_word' id='word_1_211' title='bbox 130 2383 163 2443; x_wconf 90' lang='lat' dir='ltr'><strong>L.</strong></span> <span class='ocrx_word' id='word_1_212' title='bbox 186 2383 265 2443; x_wconf 87' lang='lat' dir='ltr'><strong>llaec</strong></span> <span class='ocrx_word' id='word_1_213' title='bbox 287 2391 330 2442; x_wconf 89' lang='lat' dir='ltr'><strong>est</strong></span> <span class='ocrx_word' id='word_1_214' title='bbox 348 2400 446 2461; x_wconf 92' lang='lat' dir='ltr'><strong>pugna</strong></span> <span class='ocrx_word' id='word_1_215' title='bbox 464 2384 637 2454; x_wconf 69' lang='lat' dir='ltr'><strong>Canama,</strong></span> <span class='ocrx_word' id='word_1_216' title='bbox 658 2382 767 2445; x_wconf 78' lang='lat' dir='ltr'><strong>Aliensi</strong></span> <span class='ocrx_word' id='word_1_217' title='bbox 783 2382 859 2445; x_wconf 77' lang='lat' dir='ltr'><strong>clarii</strong></span> <span class='ocrx_word' id='word_1_218' title='bbox 873 2383 1047 2446; x_wconf 85' lang='lat' dir='ltr'><strong>nobilitatei</strong></span> 
     </span>
     <span class='ocr_line' id='line_1_27' title="bbox 68 2464 1050 2546; baseline 0 -20"><span class='ocrx_word' id='word_1_219' title='bbox 68 2485 136 2546; x_wconf 90' lang='lat' dir='ltr'><strong>par,</strong></span> <span class='ocrx_word' id='word_1_220' title='bbox 154 2476 284 2526; x_wconf 90' lang='lat' dir='ltr'><strong>ceterum</strong></span> <span class='ocrx_word' id='word_1_221' title='bbox 300 2476 332 2525; x_wconf 91' lang='lat' dir='ltr'><strong>ut</strong></span> <span class='ocrx_word' id='word_1_222' title='bbox 347 2464 418 2535; x_wconf 90' lang='lat' dir='ltr'><strong>illis,</strong></span> <span class='ocrx_word' id='word_1_223' title='bbox 436 2483 513 2546; x_wconf 88' lang='lat' dir='ltr'><strong>quae</strong></span> <span class='ocrx_word' id='word_1_224' title='bbox 529 2474 595 2546; x_wconf 88' lang='lat' dir='ltr'><strong>post</strong></span> <span class='ocrx_word' id='word_1_225' title='bbox 610 2484 739 2546; x_wconf 87' lang='lat' dir='ltr'><strong>pugnarn</strong></span> <span class='ocrx_word' id='word_1_226' title='bbox 754 2467 903 2535; x_wconf 89' lang='lat' dir='ltr'><strong>accidere,</strong></span> <span class='ocrx_word' id='word_1_227' title='bbox 922 2467 1050 2536; x_wconf 64' lang='lat' dir='ltr'><strong>leviore</strong></span> 
     </span>
     <span class='ocr_line' id='line_1_28' title="bbox 67 2549 1021 2630; baseline 0.001 -20"><span class='ocrx_word' id='word_1_228' title='bbox 67 2551 134 2630; x_wconf 93' lang='lat' dir='ltr'><strong>quia</strong></span> <span class='ocrx_word' id='word_1_229' title='bbox 150 2549 186 2611; x_wconf 93' lang='lat' dir='ltr'><strong>ab</strong></span> <span class='ocrx_word' id='word_1_230' title='bbox 208 2550 291 2610; x_wconf 87' lang='lat' dir='ltr'><strong>hoste</strong></span> <span class='ocrx_word' id='word_1_231' title='bbox 312 2556 355 2609; x_wconf 90' lang='lat' dir='ltr'><strong>est</strong></span> <span class='ocrx_word' id='word_1_232' title='bbox 375 2558 533 2618; x_wconf 90' lang='lat' dir='ltr'><strong>cessatum,</strong></span> <span class='ocrx_word' id='word_1_233' title='bbox 564 2550 607 2610; x_wconf 88' lang='lat' dir='ltr'><strong>sic</strong></span> <span class='ocrx_word' id='word_1_234' title='bbox 620 2557 718 2628; x_wconf 84' lang='lat' dir='ltr'><strong>strage</strong></span> <span class='ocrx_word' id='word_1_235' title='bbox 739 2551 884 2612; x_wconf 83' lang='lat' dir='ltr'><strong>exercitus</strong></span> <span class='ocrx_word' id='word_1_236' title='bbox 906 2552 1021 2630; x_wconf 87' lang='lat' dir='ltr'><strong>gravior</strong></span> 
     </span>
     <span class='ocr_line' id='line_1_29' title="bbox 67 2631 1049 2716; baseline 0.002 -24"><span class='ocrx_word' id='word_1_237' title='bbox 67 2632 249 2713; x_wconf 81' lang='lat' dir='ltr'><strong>ioediorque,</strong></span> <span class='ocrx_word' id='word_1_238' title='bbox 276 2632 344 2712; x_wconf 86' lang='lat' dir='ltr'><strong>luga</strong></span> <span class='ocrx_word' id='word_1_239' title='bbox 368 2651 493 2713; x_wconf 89' lang='lat' dir='ltr'><strong>namque</strong></span> <span class='ocrx_word' id='word_1_240' title='bbox 509 2631 544 2693; x_wconf 87' lang='lat' dir='ltr'><strong>ad</strong></span> <span class='ocrx_word' id='word_1_241' title='bbox 560 2631 653 2694; x_wconf 83' lang='lat' dir='ltr'><strong>liliam</strong></span> <span class='ocrx_word' id='word_1_242' title='bbox 673 2635 749 2695; x_wconf 92' lang='lat' dir='ltr'><strong>sicut</strong></span> <span class='ocrx_word' id='word_1_243' title='bbox 763 2634 866 2696; x_wconf 88' lang='lat' dir='ltr'><strong>urbem</strong></span> <span class='ocrx_word' id='word_1_244' title='bbox 883 2634 1049 2716; x_wconf 79' lang='lat' dir='ltr'><strong>prodidita</strong></span> 
     </span>
     <span class='ocr_line' id='line_1_30' title="bbox 67 2716 1020 2796; baseline 0.003 -20"><span class='ocrx_word' id='word_1_245' title='bbox 67 2719 108 2777; x_wconf 91' lang='lat' dir='ltr'><strong>ita</strong></span> <span class='ocrx_word' id='word_1_246' title='bbox 123 2718 283 2777; x_wconf 81' lang='lat' dir='ltr'><strong>exercitum</strong></span> <span class='ocrx_word' id='word_1_247' title='bbox 299 2718 437 2785; x_wconf 61' lang='lat' dir='ltr'><strong>servarim</strong></span> <span class='ocrx_word' id='word_1_248' title='bbox 459 2716 495 2778; x_wconf 91' lang='lat' dir='ltr'><strong>ad</strong></span> <span class='ocrx_word' id='word_1_249' title='bbox 511 2718 626 2778; x_wconf 79' lang='lat' dir='ltr'><strong>Cannas</strong></span> <span class='ocrx_word' id='word_1_250' title='bbox 639 2716 798 2796; x_wconf 86' lang='lat' dir='ltr'><strong>lugientem</strong></span> <span class='ocrx_word' id='word_1_251' title='bbox 814 2718 963 2780; x_wconf 88' lang='lat' dir='ltr'><strong>consulem</strong></span> <span class='ocrx_word' id='word_1_252' title='bbox 974 2720 1020 2779; x_wconf 83' lang='lat' dir='ltr'><strong>vix</strong></span> 
     </span>
     <span class='ocr_line' id='line_1_31' title="bbox 67 2798 1021 2880; baseline 0.007 -28"><span class='ocrx_word' id='word_1_253' title='bbox 67 2800 280 2877; x_wconf 79' lang='lat' dir='ltr'><strong>quinquaginta</strong></span> <span class='ocrx_word' id='word_1_254' title='bbox 300 2802 393 2860; x_wconf 85' lang='lat' dir='ltr'><strong>secuti</strong></span> <span class='ocrx_word' id='word_1_255' title='bbox 411 2806 493 2868; x_wconf 88' lang='lat' dir='ltr'><strong>snnt,</strong></span> <span class='ocrx_word' id='word_1_256' title='bbox 520 2798 639 2860; x_wconf 88' lang='lat' dir='ltr'><strong>alterius</strong></span> <span class='ocrx_word' id='word_1_257' title='bbox 659 2802 811 2861; x_wconf 88' lang='lat' dir='ltr'><strong>morientis</strong></span> <span class='ocrx_word' id='word_1_258' title='bbox 830 2819 923 2880; x_wconf 87' lang='lat' dir='ltr'><strong>prope</strong></span> <span class='ocrx_word' id='word_1_259' title='bbox 943 2809 1021 2862; x_wconf 91' lang='lat' dir='ltr'><strong>totus</strong></span> 
     </span>
     <span class='ocr_line' id='line_1_32' title="bbox 69 2880 294 2940; baseline 0 -1"><span class='ocrx_word' id='word_1_260' title='bbox 69 2883 215 2940; x_wconf 85' lang='lat' dir='ltr'><strong>exercitus</strong></span> <span class='ocrx_word' id='word_1_261' title='bbox 230 2880 294 2939; x_wconf 89' lang='lat' dir='ltr'><strong>luit.</strong></span> 
     </span>
    </p>

    <p class='ocr_par' dir='ltr' id='par_1_4' title="bbox 68 2963 1051 3541">
     <span class='ocr_line' id='line_1_33' title="bbox 132 2963 1051 3025; baseline -0.002 -2"><span class='ocrx_word' id='word_1_262' title='bbox 132 2963 214 3023; x_wconf 92' lang='lat' dir='ltr'><strong>Binis</strong></span> <span class='ocrx_word' id='word_1_263' title='bbox 230 2963 376 3024; x_wconf 88' lang='lat' dir='ltr'><strong>incastris</strong></span> <span class='ocrx_word' id='word_1_264' title='bbox 392 2982 457 3024; x_wconf 88' lang='lat' dir='ltr'><strong>curn</strong></span> <span class='ocrx_word' id='word_1_265' title='bbox 471 2963 626 3024; x_wconf 90' lang='lat' dir='ltr'><strong>multitudo</strong></span> <span class='ocrx_word' id='word_1_266' title='bbox 639 2965 802 3024; x_wconf 87' lang='lat' dir='ltr'><strong>semiermis</strong></span> <span class='ocrx_word' id='word_1_267' title='bbox 824 2966 886 3024; x_wconf 86' lang='lat' dir='ltr'><strong>sine</strong></span> <span class='ocrx_word' id='word_1_268' title='bbox 902 2963 1051 3025; x_wconf 80' lang='lat' dir='ltr'><strong>duclbrret</strong></span> 
     </span>
     <span class='ocr_line' id='line_1_34' title="bbox 69 3045 1021 3125; baseline 0.001 -19"><span class='ocrx_word' id='word_1_269' title='bbox 69 3053 163 3115; x_wconf 89' lang='lat' dir='ltr'><strong>esset,</strong></span> <span class='ocrx_word' id='word_1_270' title='bbox 179 3045 313 3105; x_wconf 88' lang='lat' dir='ltr'><strong>nuntium</strong></span> <span class='ocrx_word' id='word_1_271' title='bbox 328 3047 378 3124; x_wconf 89' lang='lat' dir='ltr'><strong>qni</strong></span> <span class='ocrx_word' id='word_1_272' title='bbox 393 3046 424 3104; x_wconf 91' lang='lat' dir='ltr'><strong>in</strong></span> <span class='ocrx_word' id='word_1_273' title='bbox 437 3046 597 3107; x_wconf 89' lang='lat' dir='ltr'><strong>maioribus</strong></span> <span class='ocrx_word' id='word_1_274' title='bbox 608 3054 692 3106; x_wconf 90' lang='lat' dir='ltr'><strong>erant</strong></span> <span class='ocrx_word' id='word_1_275' title='bbox 703 3049 833 3117; x_wconf 86' lang='lat' dir='ltr'><strong>mittunt,</strong></span> <span class='ocrx_word' id='word_1_276' title='bbox 851 3046 919 3107; x_wconf 90' lang='lat' dir='ltr'><strong>dum</strong></span> <span class='ocrx_word' id='word_1_277' title='bbox 934 3063 1021 3125; x_wconf 86' lang='lat' dir='ltr'><strong>proe-</strong></span> 
     </span>
     <span class='ocr_line' id='line_1_35' title="bbox 68 3126 1021 3209; baseline 0.002 -21"><span class='ocrx_word' id='word_1_278' title='bbox 68 3129 123 3199; x_wconf 89' lang='lat' dir='ltr'><strong>lio,</strong></span> <span class='ocrx_word' id='word_1_279' title='bbox 138 3127 244 3188; x_wconf 86' lang='lat' dir='ltr'><strong>deinde</strong></span> <span class='ocrx_word' id='word_1_280' title='bbox 257 3145 290 3187; x_wconf 81' lang='lat' dir='ltr'><strong>ex</strong></span> <span class='ocrx_word' id='word_1_281' title='bbox 304 3127 411 3187; x_wconf 90' lang='lat' dir='ltr'><strong>laetitia</strong></span> <span class='ocrx_word' id='word_1_282' title='bbox 423 3126 516 3205; x_wconf 89' lang='lat' dir='ltr'><strong>epulis</strong></span> <span class='ocrx_word' id='word_1_283' title='bbox 528 3129 663 3206; x_wconf 79' lang='lat' dir='ltr'><strong>fatigatos</strong></span> <span class='ocrx_word' id='word_1_284' title='bbox 674 3131 756 3209; x_wconf 86' lang='lat' dir='ltr'><strong>quies</strong></span> <span class='ocrx_word' id='word_1_285' title='bbox 767 3138 909 3191; x_wconf 91' lang='lat' dir='ltr'><strong>nocturna</strong></span> <span class='ocrx_word' id='word_1_286' title='bbox 923 3129 1021 3190; x_wconf 78' lang='lat' dir='ltr'><strong>hostes</strong></span> 
     </span>
     <span class='ocr_line' id='line_1_36' title="bbox 71 3210 1020 3293; baseline -0.001 -22"><span class='ocrx_word' id='word_1_287' title='bbox 71 3220 233 3293; x_wconf 89' lang='lat' dir='ltr'><strong>premeret,</strong></span> <span class='ocrx_word' id='word_1_288' title='bbox 249 3218 281 3271; x_wconf 90' lang='lat' dir='ltr'><strong>ut</strong></span> <span class='ocrx_word' id='word_1_289' title='bbox 299 3210 336 3270; x_wconf 89' lang='lat' dir='ltr'><strong>ad</strong></span> <span class='ocrx_word' id='word_1_290' title='bbox 350 3228 382 3270; x_wconf 94' lang='lat' dir='ltr'><strong>se</strong></span> <span class='ocrx_word' id='word_1_291' title='bbox 396 3211 572 3271; x_wconf 90' lang='lat' dir='ltr'><strong>transirent:</strong></span> <span class='ocrx_word' id='word_1_292' title='bbox 587 3229 647 3271; x_wconf 89' lang='lat' dir='ltr'><strong>uno</strong></span> <span class='ocrx_word' id='word_1_293' title='bbox 662 3214 778 3290; x_wconf 90' lang='lat' dir='ltr'><strong>agmine</strong></span> <span class='ocrx_word' id='word_1_294' title='bbox 789 3213 944 3274; x_wconf 88' lang='lat' dir='ltr'><strong>Canusium</strong></span> <span class='ocrx_word' id='word_1_295' title='bbox 959 3211 1020 3274; x_wconf 88' lang='lat' dir='ltr'><strong>abi·</strong></span> 
     </span>
     <span class='ocr_line' id='line_1_37' title="bbox 70 3293 1049 3374; baseline -0.002 -17"><span class='ocrx_word' id='word_1_296' title='bbox 70 3304 154 3357; x_wconf 83' lang='lat' dir='ltr'><strong>turos</strong></span> <span class='ocrx_word' id='word_1_297' title='bbox 168 3312 241 3355; x_wconf 89' lang='lat' dir='ltr'><strong>esse.</strong></span> <span class='ocrx_word' id='word_1_298' title='bbox 271 3312 336 3354; x_wconf 89' lang='lat' dir='ltr'><strong>eam</strong></span> <span class='ocrx_word' id='word_1_299' title='bbox 348 3295 522 3356; x_wconf 85' lang='lat' dir='ltr'><strong>sententiam</strong></span> <span class='ocrx_word' id='word_1_300' title='bbox 535 3293 583 3355; x_wconf 90' lang='lat' dir='ltr'><strong>alii</strong></span> <span class='ocrx_word' id='word_1_301' title='bbox 597 3299 688 3355; x_wconf 90' lang='lat' dir='ltr'><strong>totam</strong></span> <span class='ocrx_word' id='word_1_302' title='bbox 698 3297 863 3374; x_wconf 86' lang='lat' dir='ltr'><strong>aspernari:</strong></span> <span class='ocrx_word' id='word_1_303' title='bbox 876 3313 929 3356; x_wconf 92' lang='lat' dir='ltr'><strong>cur</strong></span> <span class='ocrx_word' id='word_1_304' title='bbox 944 3298 1049 3357; x_wconf 71' lang='lat' dir='ltr'><strong>enimc</strong></span> 
     </span>
     <span class='ocr_line' id='line_1_38' title="bbox 70 3378 1022 3458; baseline -0.001 -18"><span class='ocrx_word' id='word_1_305' title='bbox 70 3378 153 3450; x_wconf 87' lang='lat' dir='ltr'><strong>illos,</strong></span> <span class='ocrx_word' id='word_1_306' title='bbox 170 3379 265 3458; x_wconf 86' lang='lat' dir='ltr'><strong>quise</strong></span> <span class='ocrx_word' id='word_1_307' title='bbox 280 3384 443 3445; x_wconf 91' lang='lat' dir='ltr'><strong>arcessant,</strong></span> <span class='ocrx_word' id='word_1_308' title='bbox 460 3378 538 3456; x_wconf 88' lang='lat' dir='ltr'><strong>ipsos</strong></span> <span class='ocrx_word' id='word_1_309' title='bbox 553 3395 614 3437; x_wconf 91' lang='lat' dir='ltr'><strong>non</strong></span> <span class='ocrx_word' id='word_1_310' title='bbox 630 3379 744 3448; x_wconf 87' lang='lat' dir='ltr'><strong>venlre,</strong></span> <span class='ocrx_word' id='word_1_311' title='bbox 764 3397 830 3439; x_wconf 89' lang='lat' dir='ltr'><strong>cum</strong></span> <span class='ocrx_word' id='word_1_312' title='bbox 846 3396 937 3457; x_wconf 90' lang='lat' dir='ltr'><strong>aeque</strong></span> <span class='ocrx_word' id='word_1_313' title='bbox 952 3396 1022 3439; x_wconf 91' lang='lat' dir='ltr'><strong>con·</strong></span> 
     </span>
     <span class='ocr_line' id='line_1_39' title="bbox 71 3459 1020 3541; baseline 0.001 -20"><span class='ocrx_word' id='word_1_314' title='bbox 71 3463 152 3539; x_wconf 89' lang='lat' dir='ltr'><strong>iungi</strong></span> <span class='ocrx_word' id='word_1_315' title='bbox 163 3463 299 3541; x_wconf 85' lang='lat' dir='ltr'><strong>possentt</strong></span> <span class='ocrx_word' id='word_1_316' title='bbox 311 3463 378 3539; x_wconf 90' lang='lat' dir='ltr'><strong>quia</strong></span> <span class='ocrx_word' id='word_1_317' title='bbox 389 3460 523 3521; x_wconf 82' lang='lat' dir='ltr'><strong>videlicet</strong></span> <span class='ocrx_word' id='word_1_318' title='bbox 537 3459 623 3540; x_wconf 88' lang='lat' dir='ltr'><strong>plena</strong></span> <span class='ocrx_word' id='word_1_319' title='bbox 635 3461 762 3523; x_wconf 90' lang='lat' dir='ltr'><strong>bostium</strong></span> <span class='ocrx_word' id='word_1_320' title='bbox 774 3463 870 3524; x_wconf 88' lang='lat' dir='ltr'><strong>omnia</strong></span> <span class='ocrx_word' id='word_1_321' title='bbox 881 3463 911 3522; x_wconf 93' lang='lat' dir='ltr'><strong>in</strong></span> <span class='ocrx_word' id='word_1_322' title='bbox 924 3460 1020 3523; x_wconf 87' lang='lat' dir='ltr'><strong>medio</strong></span> 
     </span>
    </p>
   </div>
   <div class='ocr_carea' id='block_1_3' title="bbox 113 3550 818 3612">
    <p class='ocr_par' dir='ltr' id='par_1_5' title="bbox 113 3550 818 3612">
     <span class='ocr_line' id='line_1_40' title="bbox 113 3550 818 3612; baseline 0.016 -6"><span class='ocrx_word' id='word_1_323' title='bbox 113 3574 136 3606; x_wconf 61' lang='grc' dir='ltr'><strong>ἲ,</strong></span> <span class='ocrx_word' id='word_1_324' title='bbox 158 3576 219 3612; x_wconf 73' lang='lat' dir='ltr'><strong>nm</strong></span> <span class='ocrx_word' id='word_1_325' title='bbox 236 3575 305 3611; x_wconf 77' lang='lat' dir='ltr'><strong>me</strong></span> <span class='ocrx_word' id='word_1_326' title='bbox 324 3576 357 3612; x_wconf 81' lang='lat'><strong>11.</strong></span> <span class='ocrx_word' id='word_1_327' title='bbox 777 3550 818 3611; x_wconf 70' lang='lat'><strong>20</strong></span> 
     </span>
    </p>
   </div>
   <div class='ocr_carea' id='block_1_4' title="bbox 0 0 1292 4067">
    <p class='ocr_par' dir='ltr' id='par_1_6' title="bbox 0 0 1292 4067">
     <span class='ocr_line' id='line_1_41' title="bbox 0 0 1292 4067; baseline 0 0"><span class='ocrx_word' id='word_1_328' title='bbox 0 0 1292 4067; x_wconf 95' lang='lat' dir='ltr'><strong> </strong></span> 
     </span>
    </p>
   </div>
  </div>
 </body>
</html>
