2575 4067
235 181 295 242 282
381 193 475 234 umus
488 193 566 235 xxii.
578 192 647 234 ose.
663 181 707 230 ri.
722 180 765 232 23.
781 180 814 228 24
840 172 880 251 [s.
896 194 927 232 u.
942 195 968 233 c.
983 179 1046 252 537]

194 341 300 400 uideri
322 347 451 419 poterat;
473 339 622 400 Romanus
637 340 734 417 primo
749 338 875 399 adventu
891 340 1060 415 incognitus
1079 349 1170 400 ante
1189 341 1229 401 ab

235 442 268 484 re
278 423 417 484 clementi
427 421 600 501 liberalique
611 424 728 484 initium
742 421 868 492 iecerat;
884 430 914 482 et
922 421 1049 497 Abelux,
1070 424 1123 482 vir
1139 443 1227 502 pru·

194 513 224 566 21
238 507 326 577 dens,
348 507 426 569 baud
450 507 559 569 frustra
573 505 727 568 ridebatur
740 507 836 566 socios
855 514 991 566 mutasse.
1029 507 1146 585 itaque
1174 509 1226 568 in-

236 593 315 670 genti
333 608 480 652 consensu
496 588 691 651 deiectionem
707 606 810 650 omnes
824 597 973 668 spectere;
992 606 1151 669 armaque
1165 609 1224 651 ex-

236 673 346 753 templo
361 682 441 735 mota
456 673 569 744 forent,
591 675 622 734 ni
635 673 766 751 hiemps,
780 691 854 752 quae
868 673 1016 733 Romanos
1030 691 1169 752 quoque
1191 683 1221 735 et

237 758 493 838 Carthaginienses
507 757 672 818 concedere
685 758 716 816 in
732 764 808 817 tecta
823 757 932 835 coegit,
949 757 1187 818 intervenisset.

213 849 225 899 i
299 842 400 904 XXIII.
439 841 518 903 llaec
547 842 577 900 in
599 840 738 919 Hispania
759 838 905 920 [quoque]
927 839 1056 901 secunda
1088 850 1219 902 aestate

237 926 340 986 Punici
354 924 431 985 bebo
453 931 548 1002 gesta,
569 942 635 985 cum
656 926 687 985 in
703 923 783 985 ltalia
804 923 922 1003 paulum
943 923 1093 984 intervalli
1109 923 1214 986 cladi·

210 1009 292 1070 2bus
303 1009 441 1070 Romanis
452 1006 555 1068 sollers
566 1009 713 1069 cunctatio
722 1006 805 1068 Fabii
817 1008 948 1076 lecisset3
960 1025 1035 1086 quse
1043 1016 1076 1068 ut
1084 1008 1213 1069 Hanni·

238 1091 333 1153 balem
351 1110 410 1152 non
427 1091 569 1152 mediocri
581 1089 739 1152 sollicitum
751 1109 821 1152 cura
835 1089 977 1162 babebat,
993 1091 1116 1151 tandem
1133 1111 1211 1154 eum

239 1175 360 1237 militiae
384 1176 555 1253 magistmm
584 1173 727 1252 delegisse
752 1174 901 1236 Romanos
925 1182 1116 1244 cernentem,
1155 1177 1210 1256 qui

213 1258 349 1320 asellum
365 1260 492 1327 ratione,
518 1276 578 1320 non
600 1259 718 1320 fortuna
732 1267 863 1335 gereret,
885 1259 926 1318 ito
942 1266 1113 1336 contempta
1137 1269 1208 1320 erat

238 1343 407 1403 intercisis
426 1351 554 1403 armatos
575 1343 686 1422 pariter
703 1348 888 1421 togatosque,
917 1343 1018 1420 utique
1039 1351 1205 1421 postquam

240 1425 361 1489 absente
381 1443 417 1487 eo
438 1427 604 1491 temeritate
628 1426 760 1503 magistri
783 1427 913 1504 οφιίῑιιω
934 1424 1011 1485 laeto
1033 1427 1132 1486 verius
1156 1426 1204 1486 di·

212 1511 331 1570 txerim
344 1526 431 1587 quarn
442 1525 584 1587 prospero
596 1517 702 1570 eventu
711 1518 872 1587 pugnatum
884 1509 988 1569 luerat
1009 1517 1202 1570 accesserant

239 1593 314 1653 duae
330 1590 431 1652 reond
448 1591 611 1669 augendam
625 1592 765 1652 invidiam
781 1591 944 1664 dictatoris,
968 1610 1027 1654 una
1041 1592 1147 1653 fraude
1164 1611 1199 1653 ar

240 1673 307 1734 dolo
320 1671 505 1744 Hannibalis,
521 1673 613 1753 quod,
631 1693 699 1736 eum
714 1692 731 1736 a
744 1675 875 1755 perfugis
887 1678 915 1736 ei
929 1684 1109 1736 monstratus
1124 1693 1193 1754 ager
1267 1678 1268 1691 ¹

239 1757 390 1817 dictatoris
409 1764 500 1826 esset,
528 1757 665 1819 omnibus
685 1759 763 1820 circa
790 1759 853 1820 solo
874 1761 1003 1839 aequatis
1022 1759 1058 1820 ab
1077 1777 1140 1820 uno
1160 1778 1196 1820 eo

239 1840 351 1900 lenum
368 1841 525 1920 ignemque
540 1849 570 1902 et
587 1844 646 1903 vim
660 1860 778 1903 omnem
793 1843 922 1905 hostium
941 1842 1082 1904 abstineri
1102 1845 1193 1912 iussit.

211 1928 272 1984 out
290 1923 398 1985 occulti
417 1923 538 1986 alicuius
559 1927 637 2004 pacti
660 1943 694 1986 ea
716 1944 831 1988 merces
853 1927 946 1987 videri
965 1934 1078 2005 posset,
1103 1925 1193 1987 altera

239 2009 331 2087 Ipsius
346 2008 438 2079 iacto,
459 2011 555 2087 primo
575 2009 698 2070 forsitan
711 2008 816 2080 dnbio,
835 2011 979 2089 quianon
996 2018 1147 2089 expectata
1162 2012 1192 2071 iu

240 2109 275 2152 eo
293 2100 411 2154 senatus
425 2095 582 2154 auctoritas
596 2100 656 2164 est,
679 2092 716 2153 ad
733 2101 898 2154 extremum
915 2093 993 2154 baud
1007 2092 1143 2172 ambigue
1162 2095 1191 2154 in

212 2178 396 2238 omaximam
406 2174 522 2236 laudem
534 2194 627 2238 verso.
659 2179 689 2238 in
703 2177 905 2255 permutandis
916 2178 1049 2256 captivis,
1066 2177 1191 2256 quodsir

240 2261 336 2337 primo
352 2260 462 2320 Punico
486 2259 562 2320 bello
580 2259 689 2321 lactum
709 2268 786 2329 erat,
811 2272 988 2321 convenerat
1007 2262 1085 2320 inter
1104 2260 1191 2322 duces

239 2342 403 2403 Romamm
413 2343 618 2422 Poenumque,
631 2352 664 2405 ut
673 2362 748 2423 quae
760 2361 829 2422 pars
839 2342 940 2422 plures
951 2345 1097 2423 reciperet
1107 2362 1190 2423 quam

240 2426 324 2488 daret
340 2427 453 2503 argenti
468 2427 566 2504 pondo
581 2426 651 2487 bina
660 2434 690 2487 et
703 2425 826 2488 selibras
838 2428 870 2487 in
883 2425 1005 2488 militem
1022 2435 1189 2505 praestaret

212 2508 382 2586 iducentos
395 2508 588 2587 quadraginta
609 2521 722 2589 septem
742 2528 809 2572 cum
828 2509 928 2587 plures
940 2510 1090 2572 Romanus
1107 2529 1189 2590 quam

239 2589 355 2650 Poenus
375 2593 548 2669 recepisset,
575 2601 788 2672 argentumque
813 2612 868 2673 pro
888 2595 932 2655 eis
952 2593 1083 2655 debitum
1106 2610 1190 2673 saepe

239 2673 344 2732 iactata
372 2674 403 2733 in
424 2682 527 2735 senatu
547 2693 592 2743 re,
621 2677 760 2755 quoniam
781 2695 842 2739 non
868 2677 1061 2739 consuluisset
1086 2686 1181 2755 patres

211 2759 228 2810 8
241 2754 352 2817 tardius
367 2766 553 2833 erogaretur,
578 2758 748 2821 inviolatum
766 2760 803 2821 ab
818 2761 903 2822 hoste
916 2779 1019 2839 agrum
1034 2760 1120 2821 misso
1135 2761 1188 2822 lio·

241 2857 318 2900 marn
339 2840 445 2912 Quinto
464 2840 524 2904 lilio
546 2843 690 2914 vendidit,
714 2843 862 2924 fidemque
882 2844 1030 2923 pubIIcam
1054 2843 1191 2924 inpendio

240 2925 352 3004 privato
370 2924 499 2988 exsolvit.

211 3012 228 3062 9
300 3009 447 3070 llannibal
467 3029 521 3089 pro
537 3012 676 3073 Gereonii
696 3011 865 3082 moenibus,
887 3013 970 3073 cuius
991 3010 1074 3073 urbis
1094 3022 1188 3091 captae

240 3100 326 3172 atque
351 3095 488 3154 incensae
508 3093 544 3155 ab
570 3112 602 3155 se
627 3097 659 3155 in
683 3113 769 3157 usum
797 3095 972 3157 horreorum
995 3097 1080 3157 iaus
1103 3112 1187 3176 paura

200 3174 402 3256 lorebquerat
415 3185 506 3246 tecta,
527 3178 559 3238 in
580 3179 691 3240 stativis
712 3187 785 3241 erat.
810 3179 879 3239 inde
899 3180 1109 3242 frumentatum
1121 3178 1186 3240 ‹luas

239 3261 384 3320 exercitus
398 3270 497 3338 partes
511 3262 660 3331 mittebat,
678 3280 745 3324 cum
760 3264 847 3324 tortia
862 3264 925 3342 ipse
941 3264 1077 3343 expedita
1090 3265 1119 3323 in
1133 3271 1186 3323 sta·

239 3343 318 3402 tione
334 3350 398 3404 erat
418 3346 504 3407 simul
516 3347 619 3407 castris
638 3346 785 3426 praesidio
809 3356 839 3407 et
860 3347 1184 3427 circumspectemus

214 3425 333 3484 tcundo
346 3428 472 3505 impetus
487 3431 518 3489 in
533 3428 761 3491 frumentatores
780 3430 872 3491 fleret
915 3431 1014 3493 xxiv.
1049 3430 1184 3491 Romanus
