2575 4067
213 242 549 298 aspernandam.
565 243 608 297 32.
622 232 662 314 [s.
680 237 715 297 c.
731 242 790 297 tio.
807 233 869 318 tib]
960 243 1020 306 351

68 405 218 475 volebant,
234 403 367 464 fremitus
383 404 414 462 in
431 403 511 463 curia
523 411 613 463 ortus.
646 401 725 481 quod
738 402 789 463 ubi
802 403 895 464 sensit
908 405 1048 476 consule

61 487 85 561 ⁴„
94 494 278 567 utrumque“
291 486 386 565 inquit
406 503 448 557 „e
466 503 500 545 re
515 484 631 564 publica
645 484 715 555 init,
737 493 837 565 patres
851 490 1018 567 conscripti,

68 580 97 633 et
111 573 148 633 M.
165 569 315 633 Claudium
336 568 372 629 ad
388 567 598 648 permutandos
616 569 763 630 exercitus
783 569 813 628 in
832 569 1019 649 Campaniam

66 656 229 733 proticisci,
245 661 275 714 et
293 653 410 712 comitia
425 670 486 712 non
497 655 580 731 prius
593 651 686 723 edici,
708 670 796 732 quam
816 651 928 713 isinde
949 671 1019 714 con·

66 738 158 810 lecto,
181 737 260 818 quod
283 734 452 796 mandatum
479 744 537 804 est,
565 737 683 814 negotio
709 735 892 807 reuertisset,
914 746 947 798 nt
969 755 1019 799 vos

66 821 231 890 consulem,
252 835 339 900 quem
357 827 473 898 tempus
498 817 699 898 reipublicae
727 818 903 898 postularet,
930 839 1018 899 quem

66 906 192 968 maxime
214 902 312 971 voltis,
327 900 505 963 haberetis.“
541 904 581 963 ita
600 902 636 963 de
653 903 793 975 comitiis,
821 902 914 964 donec
932 904 1048 966 rediito

65 985 235 1056 Marcellus,
258 985 407 1048 silentium
428 985 493 1047 fuit
532 987 645 1047 interea
673 985 818 1047 duumviri
836 987 927 1047 creati
950 996 1019 1049 sunt

66 1070 102 1140 0.
116 1069 223 1131 Fabius
244 1069 386 1132 Maximus
401 1076 432 1129 et
445 1069 479 1131 T.
496 1068 634 1132 Otacilius
649 1071 772 1133 Crassus
793 1069 914 1131 aedibus
936 1070 1017 1132 dedi·

65 1153 179 1225 caudis,
194 1152 285 1215 Menti
296 1150 450 1223 Otacilius,
467 1152 575 1214 Fabius
591 1154 699 1214 Veneri
716 1153 876 1223 Erucinae;
893 1161 1018 1233 utraque

64 1237 96 1296 iu
118 1235 258 1315 Capitolio
280 1245 337 1306 est,
365 1198 459 1296 canali
480 1253 539 1296 uno
566 1236 720 1297 discretae.
759 1244 789 1298 et
815 1236 852 1298 de
877 1239 1060 1299 trecentislo
1145 1235 1156 1255 ‘

64 1318 213 1397 equitibus
225 1319 394 1397 Campanis,
412 1336 463 1398 qur
453 1320 506 1379 in
517 1318 615 1382 Sicilia
626 1338 694 1394 oum
704 1320 762 1380 lide
773 1319 927 1418 stipendiis
939 1338 1017 1381 eme·

64 1403 128 1462 ritis
140 1402 263 1463 Romam
275 1409 425 1472 venerant,
437 1401 527 1462 latum
543 1402 580 1463 ad
590 1390 741 1482 populum,
759 1410 792 1464 ut
806 1404 883 1463 cives
893 1403 1018 1465 Romam

66 1493 177 1554 essent;
201 1488 271 1547 item
287 1487 331 1547 uti
354 1487 517 1564 municipes
532 1486 656 1547 Cumani
670 1494 769 1548 essent
794 1485 902 1565 pridie,
928 1503 1015 1585 quarn
1107 1545 1109 1550 ,

65 1568 189 1648 populus
200 1569 363 1649 Campanus
380 1586 397 1630 a
413 1568 522 1648 populo
536 1568 670 1630 Romano
686 1568 850 1631 deiecisset
880 1572 1016 1639 maximo,
1028 1577 1056 1628 ιι

64 1651 163 1713 uthoc
175 1652 321 1722 lerretur,
337 1660 481 1722 moverat,
498 1652 592 1732 quod,
608 1670 734 1733 quorum
745 1652 899 1715 bominum
910 1661 1016 1722 essent,

63 1736 140 1795 scire
154 1736 256 1815 seipsi
275 1735 435 1813 negabant,
458 1745 556 1796 vetere
578 1738 673 1814 patria
695 1736 820 1806 relicta,
837 1738 866 1798 in
890 1755 969 1807 eam,
985 1738 1017 1798 in

63 1837 150 1898 quam
164 1818 327 1888 redierant,
343 1816 475 1878 nondum
488 1817 600 1879 adsciti.
635 1827 791 1899 postquam
805 1820 960 1882 Marcellus
977 1820 1013 1881 ab
1027 1827 1058 1877 ιι

6 1927 9 1930 ·
64 1905 194 1963 exercitu
211 1901 302 1973 redit,
321 1902 438 1961 comitia
459 1899 572 1961 consuli
593 1903 645 1961 uni
664 1902 851 1981 subrogando
866 1904 897 1963 in
917 1903 1021 1965 locum
1070 1906 1074 1912 '

64 1985 245 2046 L.Postumii
257 1984 421 2045 edicuntur.
439 1991 556 2045 creatur
566 1985 680 2062 ingenti
691 1999 837 2046 consensu
847 1985 1068 2055 MareeMus,1s

64 2068 113 2147 qui
127 2067 274 2148 extemplo
286 2071 458 2147 magistrum
469 2068 628 2147 occiperet.
651 2068 698 2129 cui
707 2068 821 2128 ineunti
832 2066 1029 2142 consulatum-

63 2170 130 2212 cum
155 2153 313 2222 tonuisset,
340 2153 435 2213 vocati
460 2169 587 2229 augeres
606 2152 675 2211 vitio
691 2158 823 2211 creatum
839 2150 931 2211 videri
946 2168 1015 2230 pro·

63 2236 284 2304 nuntiaverunt;
300 2233 443 2315 volgoque
454 2244 553 2314 patres
563 2236 603 2295 ita
615 2233 693 2295 inme
706 2232 849 2303 ierebant,
861 2232 941 2314 quod
954 2241 1016 2294 tum

63 2320 191 2397 primum
212 2318 269 2379 duo
289 2316 388 2398 plebei
413 2317 548 2379 consules
570 2318 639 2378 laeti
660 2324 774 2387 essent,
798 2316 828 2377 id
851 2315 913 2378 deis
934 2315 1015 2377 cordi

63 2419 122 2462 non
139 2419 213 2463 esse
240 2404 271 2462 ιιι
285 2399 382 2461 locum
395 2397 541 2469 Marcelli,
559 2400 609 2461 ubi
625 2402 650 2461 is
664 2419 696 2462 se
710 2401 883 2477 magistratu
897 2399 1012 2461 abdica·
1026 2407 1057 2459 ιι

61 2486 115 2555 vlt,
133 2486 271 2545 suticctus
288 2484 323 2554 0.
341 2482 450 2544 Fabius
465 2485 606 2545 Maximus
620 2485 750 2545 tertium.

124 2569 204 2629 Mare
227 2570 299 2629 arsit
319 2586 354 2628 eo
375 2586 467 2637 annm
485 2568 523 2628 ad
546 2567 715 2630 Sinuessam
736 2566 791 2629 bes
812 2564 946 2628 eculeum
960 2586 1011 2647 pe·
999 2574 1056 2626 -ie

83 2653 152 2720 erit,
172 2652 254 2730 signa
269 2652 380 2713 Lanuvi
394 2651 430 2713 ad
441 2650 560 2713 lunonis
575 2643 708 2732 Sospitae
723 2669 830 2714 cruore
849 2669 1013 2722 manavere,

62 2668 265 2884 rapidi-bussina
288 2737 366 2796 eirca
387 2735 417 2796 id
439 2743 519 2815 temp
519 2735 580 2796 lum
600 2734 684 2815 pluit
724 2735 762 2796 ob
783 2754 878 2815 quem
887 2734 1015 2796 imbrem

62 2816 197 2874 novemdr
227 2835 244 2875 e
278 2826 311 2877 ut
333 2816 459 2888 adsolet,
480 2835 597 2877 sacrum
617 2818 689 2887 iuit,
711 2826 867 2897 ceteraque
881 2818 1015 2895 prodigia

63 2914 130 2957 eum
145 2914 215 2956 cura
231 2915 286 2977 exp
286 2901 353 2958 iata.

124 2978 238 3041 xxxii
265 2979 406 3042 Consules
420 2984 566 3043 exercitus
580 2982 658 3041 inter
672 2997 738 3040 sese
759 2929 927 3041 diviserunt
957 2980 1012 3040 Fa·
1026 2987 1039 3038 1

61 3064 110 3125 bio
131 3065 277 3124 exercitus
298 3063 406 3135 Teani,
431 3064 478 3124 cni
499 3064 538 3126 M
560 3065 661 3126 lunius
688 3063 811 3124 dictator
836 3062 1013 3143 praefuerat,

61 3149 173 3217 evenit,
189 3147 365 3227 Sempronio
380 3146 514 3220 volones,
532 3150 583 3229 qui
595 3146 636 3208 ibi
652 3153 750 3218 erant,
768 3155 797 3208 et
811 3148 957 3208 sociorum
974 3147 1026 3204 ιι·1

61 3232 278 3311 giniiquinque
292 3229 387 3299 milia;
403 3230 440 3291 M.
458 3229 574 3293 Valerio
588 3230 720 3310 praetori
734 3193 875 3309 legiones,
884 3245 965 3308 quae
979 3236 1042 3288 en

62 3314 160 3375 Sicilia
180 3314 340 3384 redissent,
363 3313 514 3385 decretae;
540 3315 578 3377 M.
601 3312 738 3375 Claudius
758 3331 814 3393 pro
835 3301 955 3373 consule
977 3310 1014 3373 ad

62 3416 130 3458 eum
145 3401 320 3467 exercitum,
344 3399 394 3497 qul
417 3416 507 3477 snpra
521 3396 690 3460 mendam
706 3394 798 3459 Nolae
821 3394 1012 3476 praesideret,

62 3482 183 3596 missam
198 3492 351 3575 praetores
363 3482 395 3543 in
414 3481 542 3543 Siciliam
557 3499 592 3544 ac
607 3473 779 3543 Sardiniam
786 3479 919 3561 proiecti.
942 3496 1012 3540 eon·
1024 3486 1041 3537 a
