2575 4067
345 214 439 258 nunus
453 217 483 258 x.
496 214 565 258 oar,
579 155 621 258 li.
639 193 679 278 [a.
696 197 731 259 0.
746 194 807 281 iit]
996 202 1057 267 107

102 360 616 444 maglsquamdcsertonoxiaeiorc.
639 362 1087 436 eoremadductam,utcnanct

101 451 148 514 roi
158 448 238 510 beno
252 453 301 508 aut
319 462 404 507 secus
418 453 516 523 gestae
529 447 560 507 in
574 446 692 508 Etruria
712 445 802 508 mous
816 446 999 530 &decusque
1021 448 1058 512 ad

101 533 136 595 L.
149 530 338 593 Volumnium
349 530 387 590 sit
398 528 572 609 delegatum
599 531 972 611 neminemqusesitrtum,
983 550 1059 613 quae

101 614 196 677 verba
209 614 300 695 Appi,
315 612 367 674 sed
381 631 456 693 quar
471 613 588 675 fortuna
603 615 750 677 exercitus
763 613 862 677 treus
905 614 1011 678 dimitti
1022 614 1059 678 ab
1072 625 1090 677 4

101 699 200 779 Appio
215 715 296 769 eum,
319 695 404 758 seda
424 715 458 760 re
474 695 590 778 publica
606 705 636 759 et
653 697 689 759 ab
705 699 835 761 exercitu
849 700 987 770 retinam
1009 716 1059 760 ex·

101 784 255 864 periretur
273 779 362 843 modo
382 779 560 843 uoluntatem
578 780 714 844 miliumu
756 782 830 844 haec
843 782 991 845 monendo
1007 782 1088 845 obi

102 864 299 945 testaudoque
317 882 411 945 prope
426 865 593 928 restitantes
606 865 742 928 consules
759 867 792 927 in
805 868 972 930 contionem
992 884 1061 949 per·

102 955 270 1012 traxerunt
288 948 330 1009 ibl
341 950 488 1011 orationes
498 947 647 1029 longiores
658 949 774 1011 babilae
784 951 816 1012 in
828 951 950 1014 eandem
964 949 1059 1013 ierme

103 1034 297 1103 sententiam,
311 1033 343 1092 ln
357 1050 444 1112 quam
457 1034 536 1096 inter
551 1051 661 1114 paucos
679 1041 823 1096 certatum
837 1034 936 1097 vorbis
954 1033 1060 1097 iuerat.

104 1124 137 1179 et
152 1134 220 1177 cum
234 1114 419 1188 Volumnius,
436 1135 523 1179 caum
537 1119 686 1198 superior,
702 1134 739 1178 nc
756 1117 930 1180 iniucundus
943 1118 1091 1199 quidem

105 1200 247 1264 adversus
264 1201 400 1261 eximiam
413 1199 609 1280 eloquentiam
624 1200 754 1281 collegae
768 1202 846 1264 rum
861 1209 951 1274 esset,
973 1200 1089 1264 card-a

105 1285 231 1363 lansque
244 1285 355 1363 Appius
368 1283 425 1346 sibl
435 1293 587 1364 acceptum
598 1285 711 1347 reierrc
723 1285 833 1347 dicem
844 1285 966 1358 dsbors,
983 1284 1061 1367 quod

107 1386 145 1431 cx
168 1374 250 1429 muto
271 1374 358 1447 atque
379 1366 488 1447 elingui
510 1368 668 1431 iucundum
691 1370 778 1432 etiam
800 1367 949 1432 consulam
970 1367 1061 1431 babo·

107 1458 191 1521 reut;
207 1452 308 1530 priore
319 1450 471 1514 consulatu
481 1454 584 1533 primis
594 1453 855 1534 suipremenslbus
865 1452 981 1515 hiscere
995 1470 1063 1515 eum

107 1538 262 1616 nequisse,
294 1552 373 1597 nunc
392 1537 450 1597 lam
470 1535 620 1617 popularis
640 1539 787 1599 orationes
804 1555 917 1599 serere:
950 1543 1093 1618 „quami

109 1618 226 1686 mallem
235 1627 254 1652 “
269 1620 366 1701 inquit
376 1619 562 1693 Volumnius,
577 1630 636 1693 „tu
647 1639 664 1682 a
674 1639 722 1683 me
733 1628 853 1684 suenus
863 1621 961 1683 iacere
971 1637 1059 1703 quam

109 1722 165 1783 ego
181 1703 233 1765 abs
248 1711 277 1765 tc
292 1705 365 1764 scite
378 1702 457 1784 loqui
472 1704 669 1767 didicissem.“
696 1711 848 1786 postrcm
858 1704 1061 1767 condlclonsm

109 1791 202 1860 ferre,
221 1805 297 1868 quae
312 1786 466 1865 decretura
486 1790 539 1859 sit,
560 1806 620 1850 non
640 1797 796 1851 orator-
812 1807 908 1870 neque
932 1791 1011 1851 enlm
1032 1788 1063 1850 ld

109 1873 279 1934 desiderare
291 1872 512 1952 rempublicam
522 1906 578 1944 -,
590 1872 642 1934 sed
652 1874 812 1951 imperator
822 1881 890 1934 uter
899 1873 938 1933 sit
947 1872 1062 1934 melior.

109 1957 258 2018 Etruriam
275 1961 305 2016 et
318 1956 469 2017 Samnium
488 1957 655 2035 prouincias
672 1973 750 2026 esse,
771 1963 868 2017 uuam
887 1954 987 2017 mallet
1009 1954 1090 2017 eli-⁹

110 2047 208 2121 geret:
230 2057 285 2102 suo
300 2041 431 2102 exercitu
445 2056 477 2100 se
492 2037 538 2100 vel
560 2040 592 2099 in
605 2039 723 2100 Etruria
743 2037 788 2099 rel
808 2040 840 2098 ln
857 2036 976 2099 &mulo
999 2056 1064 2100 rom

109 2134 271 2204 gesturum.
299 2131 363 2186 tum
377 2122 502 2186 militum
516 2121 627 2184 clamor
642 2129 738 2193 ortus,
753 2127 787 2181 ut
802 2118 888 2181 simul
899 2118 987 2181 ambs
999 2119 1106 2181 bel-10

109 2208 172 2270 lum
191 2208 346 2270 Etruscum
372 2209 562 2287 susciperent.
614 2223 672 2286 quo
696 2204 898 2266 animadverso
919 2218 1064 2263 consensu
1074 2210 1104 2263 11

110 2289 296 2354 Volumnius:
309 2339 327 2363 „
335 2293 473 2373 quoniam
483 2288 651 2369 incollegae
663 2288 809 2351 voluntate
819 2284 1041 2367 interpretanda
1046 2292 1064 2320 ‘⁴

110 2374 208 2454 lnquit
216 2420 234 2445 „
242 2377 351 2446 erravi,
364 2393 423 2436 non
432 2376 626 2445 committam,
637 2381 686 2446 ut,
696 2372 767 2454 quid
777 2390 828 2434 ros
838 2370 946 2442 velitis,
959 2368 1064 2433 obscu-

111 2476 179 2520 rum
189 2459 241 2519 sit:
257 2476 377 2522 manere
395 2476 433 2520 an
447 2458 528 2521 abire
538 2477 587 2520 me
600 2457 708 2530 vcbds,
730 2455 858 2520 clamore
874 2454 1065 2536 dgnidcate.“

109 2551 172 2604 tum
194 2559 264 2604 varo
284 2550 382 2605 tantus
403 2550 447 2604 est
466 2542 577 2605 clamor
595 2550 728 2613 exortus,
749 2549 783 2604 ut
800 2543 900 2604 hostes
922 2558 940 2602 e
960 2539 1064 2603 eastris
1075 2546 1106 2598 12

111 2627 231 2688 erubet.
264 2628 352 2690 armis
372 2628 498 2707 arreptis
518 2629 551 2688 in
571 2628 664 2690 aciem
683 2625 873 2689 descendunt.
903 2632 933 2687 ot
947 2623 1064 2687 Volum-

110 2713 177 2772 nius
189 2712 271 2789 signa
287 2728 394 2772 canere
409 2729 443 2772 ac
459 2710 563 2773 vexilla
577 2711 677 2774 efferri
690 2713 792 2773 castris
811 2711 903 2772 lussit.
938 2710 1064 2789 Appium
1074 2714 1107 2767 lo

111 2794 298 2857 addubitasse
311 2796 411 2857 ierunt
426 2792 595 2857 cernentem
609 2813 662 2856 sen
680 2801 830 2874 pugnante
843 2812 896 2855 sou
913 2795 1011 2873 qrrloto
1032 2806 1064 2850 se

110 2878 176 2940 iore
193 2877 322 2958 collegae
336 2880 501 2951 victoriam
523 2877 629 2940 deinde
648 2879 787 2947 veritum,
808 2895 847 2937 ne
862 2892 932 2937 suae
948 2890 1064 2953 quoquo
1161 2909 1171 2936 s

113 2960 246 3041 legiones
261 2963 446 3025 Volumnlum
470 2970 679 3043 sequerentur,
701 2967 730 3021 et
749 2960 845 3040 ipsum
866 2953 1065 3035 flagitantibus

111 3048 172 3107 suis
191 3047 307 3126 signum
326 3046 450 3108 dedisse.
483 3044 520 3108 ab
534 3053 639 3108 neutra
657 3051 741 3124 partc
761 3042 830 3105 satis
845 3037 998 3102 commoda
1017 3038 1107 3098 iar-14

111 3132 217 3192 structi
236 3129 365 3193 luerunt.
398 3146 465 3198 nam
485 3135 514 3191 et
529 3129 703 3190 Samnitium
725 3126 782 3189 dux
800 3123 909 3187 Gellius
925 3122 1065 3201 Egnatius

111 3212 282 3294 pabulatum
310 3232 376 3277 cum
401 3212 571 3274 cohortibus
595 3211 696 3290 paucis
720 3211 795 3270 ierat
818 3223 930 3288 suoque
952 3204 1064 3285 impetu

111 3299 205 3376 magis
219 3297 327 3361 milites
343 3316 430 3380 quam
445 3298 615 3375 cuimquam
631 3293 721 3355 ductu
734 3299 784 3354 aut
797 3292 922 3372 imperio
935 3304 1064 3371 pugnam

112 3380 317 3461 capessebant,
334 3390 365 3444 et
378 3380 504 3443 Romani
517 3380 662 3440 exercitus
676 3393 732 3439 uec
745 3377 857 3457 pariter
869 3372 956 3436 ambo
973 3371 1106 3445 ductili

114 3482 169 3528 uec
188 3467 258 3527 satis
276 3466 418 3547 temporis
432 3465 468 3527 ad
487 3462 692 3526 instruendum
713 3461 777 3523 luit.
813 3460 896 3541 prius
914 3457 1064 3522 concurrit
