2575 4067
259 250 322 312 220
436 261 529 304 nmnn
543 263 608 303 111.
627 259 696 304 oin.
713 246 754 300 19.
768 248 811 300 20.
828 238 869 320 [a.
884 263 915 303 n·
934 262 961 302 c.
974 238 1039 320 536]

260 426 356 489 neque
370 407 500 470 additum
515 415 579 470 erat
592 408 669 479 „iis,
691 408 741 487 qui
762 414 832 468 tunc
851 414 977 468 essent“
1001 423 1056 467 nec
1078 453 1101 479 „
1113 409 1260 550 μ

232 498 361 574 spostea
382 491 650 561 adsumerentur;“
686 498 804 552 etcum
826 489 981 552 adsumere
1002 507 1095 550 novos
1153 499 1256 552 cerel

261 577 371 646 socios,
387 576 451 655 quis
464 593 589 656 aequum
606 580 743 636 censeret
756 580 807 634 aut
821 572 859 634 ob
870 571 950 633 nulla
965 591 1157 652 quemquam
1176 593 1254 635 me·

261 661 318 721 rita
340 661 371 720 in
444 660 552 719 ‘citiam
572 658 666 737 recipi
689 664 739 718 aut
758 663 894 736 receptos
914 657 947 716 in
974 655 1063 716 iidem
1083 674 1159 717 non
1191 658 1252 719 de·

261 742 360 804 iendil
375 749 425 802 tan
500 759 538 802 ne
550 740 833 818 Carthaginiensium
843 739 914 800 socii
928 747 978 800 aut
988 737 1249 802 sollicitarentur

262 824 300 888 ad
315 825 509 887 deiectionem
525 832 575 885 aut
590 842 643 885 sua
659 831 765 903 sponte
785 822 981 884 desciscentes
1003 823 1248 900 reciperentur.

234 916 251 968 ο
325 909 427 987 Legati
439 908 564 969 Romani
586 906 622 967 ab
639 906 829 985 Carthagine,
852 906 927 966 sicut
940 907 977 968 ils
991 904 1103 968 Romae
1131 908 1246 986 impe·

181 1028 227 1070 ,ἶ
263 999 360 1053 ratum
383 998 459 1062 erat,
485 993 517 1051 in
543 990 729 1069 Hispaniam,
759 998 793 1051 ut
811 989 929 1051 adirent
956 989 1102 1058 civitates,
1143 998 1184 1050 ut
1210 992 1244 1051 in

149 1076 215 1189 qq?
262 1077 430 1137 societatem
445 1073 623 1162 peffiqeregn
633 1080 683 1134 aut
694 1079 862 1135 averterent
873 1089 890 1132 a
901 1072 1016 1141 Poenis,
1029 1073 1242 1135 traiecerunt.

235 1158 298 1221 'tad
315 1158 473 1237 Bargusios
482 1158 610 1238 primum
621 1162 781 1225 venerunt,
800 1174 817 1216 a
833 1155 939 1235 quibus
950 1155 1079 1233 benigne
1095 1158 1240 1236 excepti,

263 1244 331 1322 quia
347 1241 484 1303 taedebat
493 1242 610 1319 imperii
620 1240 739 1310 Punici,
756 1238 863 1300 multos
875 1246 957 1300 trans
996 1239 1003 1253 ⁶
1027 1257 1112 1299 erum
1128 1258 1239 1319 popu·

236 1324 307 1386 ilos
322 1324 359 1385 ad
376 1325 542 1405 cupidinem
558 1341 651 1385 novae
664 1323 799 1385 fortunae
814 1330 982 1383 erexerunt.
1011 1320 1047 1381 ad
1063 1321 1238 1385 Volcianos

262 1407 332 1469 inde
353 1417 397 1470 est
415 1417 548 1478 ventum,
565 1425 692 1488 quorum
707 1404 824 1467 celebre
837 1424 891 1485 per
905 1405 1077 1484 Hispaniam
1095 1423 1235 1486 respon·

235 1497 329 1554 osum
351 1499 465 1552 ceteros
486 1490 610 1571 populos
637 1489 673 1551 ab
698 1489 838 1550 societate
866 1489 999 1549 Romana
1028 1490 1145 1549 avertit.
1183 1492 1232 1552 ita

264 1575 343 1635 enim
357 1575 500 1634 maximus
521 1580 592 1633 natu
615 1591 652 1633 ex
670 1574 706 1634 iis
725 1575 756 1633 in
772 1571 896 1632 concilio
918 1572 1087 1650 respondit:
1118 1591 1230 1652 „quae

265 1655 441 1717 verecundia
461 1663 519 1726 est,
535 1656 674 1726 Romani,
697 1654 849 1736 postulare
862 1672 928 1725 vos,
951 1656 994 1716 uti
1008 1663 1135 1716 vestram
1152 1657 1227 1718 Car·

264 1738 490 1816 thaginiensium
501 1740 645 1800 amicitiae
656 1757 885 1818 praeponamus,
901 1756 968 1799 cum
982 1739 1074 1818 quiid
1085 1739 1226 1800 iecerunt

265 1821 418 1899 Saguntini
440 1821 602 1893 crudelius,
632 1841 720 1902 quam
739 1823 856 1884 Poenus
880 1822 973 1883 hostis
999 1821 1143 1902 perdidit,
1173 1841 1224 1884 vos

226 1910 257 1966 10
267 1905 339 1966 socii
353 1903 561 1985 prodideritisl
582 1905 624 1967 ibi
638 1908 785 1987 quaeratis
796 1907 891 1967 socios
906 1922 1028 1977 censeo,
1044 1904 1097 1966 ubi
1109 1907 1223 1985 sagam

264 1990 325 2049 tina
339 1987 437 2050 clades
453 1990 553 2069 ignota
568 1997 626 2051 est:
657 1990 793 2070 Hispanis
810 1988 925 2069 populis
942 1991 1019 2050 sicut
1032 1988 1168 2068 lugubre,
1182 1991 1222 2051 ita

265 2073 380 2152 insigne
402 2072 610 2135 documentum
625 2074 748 2151 Sagunti
768 2074 872 2134 ruinae
892 2079 993 2143 erunt,
1015 2090 1054 2133 ne
1075 2074 1139 2152 quis
1153 2073 1222 2134 iidei

227 2161 254 2216 tl
268 2156 417 2219 Romanae
431 2165 480 2219 aut
496 2159 628 2219 societati
640 2156 797 2218 confidat.‘⁴
817 2155 887 2216 inde
902 2156 1048 2236 extemplo
1064 2155 1145 2218 abire
1156 2157 1222 2217 lini·

265 2240 320 2302 bus
335 2239 542 2303 Volcianorum
556 2242 627 2303 iussi
643 2240 681 2301 ab
697 2238 777 2301 nullo
798 2238 904 2300 deinde
923 2238 1049 2300 concilio
1064 2240 1220 2319 Hispaniae

265 2324 441 2404 benigniora
454 2324 544 2386 verba
559 2323 663 2386 tulere.
696 2325 736 2385 ita
751 2324 928 2403 nequiquam
947 2330 1103 2402 peragrata
1117 2324 1218 2403 Hispa·

266 2409 315 2468 nia
329 2409 360 2468 in
379 2407 502 2470 Galliam
518 2415 681 2469 transeunt.

241 2497 253 2547 t
329 2490 390 2552 xx.
427 2491 461 2551 ln
477 2536 506 2553 ..
523 2536 551 2553 ..
573 2493 610 2551 iis
631 2509 705 2552 nova
726 2488 926 2570 terribilisque
947 2490 1061 2568 species
1082 2491 1138 2550 visa
1157 2498 1210 2560 est,

267 2572 345 2649 quod
363 2575 467 2634 armati
483 2608 521 2619 —
537 2576 577 2636 ita
592 2592 656 2634 mos
671 2576 766 2652 gentis
781 2582 844 2635 erat
860 2574 943 2633 -in
962 2571 1113 2633 concilium
1127 2589 1211 2634 vene·

238 2660 344 2713 erunt.
377 2672 444 2715 cum
458 2654 555 2716 verbis
577 2655 750 2717 extollentes
764 2656 886 2735 gloriam
908 2659 1099 2733 virtutemque
1111 2655 1211 2735 populi

267 2735 392 2796 Romani
407 2754 441 2798 ac
451 2737 683 2816 magnitudinem
694 2740 811 2819 imperii
824 2742 979 2819 petissent,
996 2756 1032 2799 nc
1041 2739 1136 2800 Poeno
1149 2737 1210 2800 bel·

267 2818 328 2881 lum
343 2818 443 2882 ltaliae
463 2820 603 2883 inserenti
626 2840 682 2902 per
701 2841 788 2902 agros
808 2824 956 2904 urbesque
975 2840 1043 2884 suas
1064 2825 1209 2885 transitum

240 2903 390 2975 adarent,
412 2912 510 2968 tantus
526 2924 592 2967 cum
608 2906 727 2969 iremitu
746 2909 823 2969 risus
844 2906 951 2969 dicitur
971 2914 1066 2977 ortus,
1090 2909 1210 2969 utrina

244 2997 256 3047 t
268 2988 487 3068 magistratibus
502 2989 720 3069 maioribusque
736 2998 807 3052 natu
820 2992 954 3054 iuventus
964 2989 1130 3052 sedaretur:
1144 2992 1210 3052 adeo

267 3072 372 3134 stolida
389 3074 592 3154 inpudensque
603 3073 760 3152 postulatio
774 3076 833 3136 visa
849 3082 907 3146 est,
925 3091 1055 3144 censere,
1072 3075 1147 3134 nein
1158 3074 1210 3134 lta·

268 3155 336 3218 liam
351 3158 551 3218 transmittant
571 3155 645 3220 Galli
665 3156 790 3228 bellum,
813 3160 893 3238 ipsos
912 3158 942 3219 id
962 3156 1113 3223 advertero
1132 3159 1161 3217 in
1179 3175 1210 3219 se

240 3246 414 3321 aegrosque
440 3258 509 3302 suos
534 3258 589 3321 pro
618 3239 721 3301 allonis
740 3241 922 3322 populandos
950 3241 1079 3303 obicere.
1119 3240 1210 3302 sedato

267 3324 386 3385 tandem
403 3323 522 3385 iremitu
535 3342 710 3405 responsum
730 3323 833 3404 legatis
856 3334 900 3387 est
913 3342 1009 3406 neque
1023 3325 1209 3386 Romanorum

267 3406 297 3465 ln
313 3425 344 3467 se
359 3408 496 3468 meritum
513 3426 577 3470 esse
593 3425 689 3487 neque
705 3409 986 3488 Carthaginiensium
1008 3409 1155 3478 iniuriam,
1175 3406 1209 3468 ob

268 3505 342 3565 quae
360 3497 410 3550 aut
424 3507 479 3569 pro
493 3491 634 3553 Romanis
649 3498 699 3552 aut
714 3491 853 3554 adversus
868 3494 984 3555 Poenos
999 3499 1114 3554 sumant
1128 3507 1211 3553 arma.

1281 3676 1287 3773 l
