2575 4067
256 210 349 252 33333
362 210 445 253 xxu..
455 208 523 251 cnr.
540 195 580 252 te.
600 196 643 251 20.
655 198 698 250 21.
714 189 754 270 [c.
770 191 805 251 Ο.
820 187 882 269 217]
989 193 1051 255 279

8 392 17 420 2
70 357 175 419 litore
189 357 320 434 excepti,
332 357 439 434 partlm
452 357 555 418 armati
567 358 675 435 partim
687 357 815 415 inermes
827 355 863 415 ad
877 356 1048 417 instructam

7 496 14 505 .
72 458 139 520 per
168 439 239 499 litus
260 441 354 500 aciem
374 457 495 500 snorum
516 440 683 519 perfugere.
728 438 802 499 duae
829 448 926 498 tamen
953 441 1048 517 primo

2 550 14 592 t
75 541 239 583 concursu
250 531 352 602 captae
365 532 448 583 erant
458 523 584 583 Punicae
596 541 699 593 naves,
714 530 850 600 quattuor
865 538 1047 599 suppressae.

2 640 7 675 ι
78 607 151 668 XX.
182 606 323 676 Romani,
343 623 518 686 quamquam
538 616 617 667 terra
631 607 759 666 hostium
775 613 838 666 erat
852 612 1074 684 armatamquet

6 724 14 743 ι
78 691 184 750 aciem
208 696 270 750 toto
290 697 473 768 praetentam
494 692 525 750 in
547 689 634 750 litore
655 688 833 758 cernebant,
860 688 937 748 baud
961 704 1049 748 cunc·

2 808 9 847 ·,
79 780 188 833 tauter
211 774 335 834 insecuti
364 773 508 852 trepidam
536 774 664 835 hostium
690 771 812 834 classem
837 772 919 832 naris
944 771 1049 841 omnis,

80 874 164 935 quae
181 873 241 916 nou
256 866 307 917 aut
325 856 530 935 perfregerant
543 874 647 937 proras
657 855 737 917 litori
756 854 856 916 inlisas
872 861 922 916 ant
936 854 1076 916 carinast

2 974 11 1014 :
83 939 217 1000 fixerant
231 940 325 1008 vadis,
347 939 484 1017 religatas
500 939 648 1020 puppibus
668 942 699 1000 in
720 939 811 1000 altum
824 946 993 1007 extraxere,
1013 937 1050 999 ad

2 1062 8 1100 ς
84 1023 222 1101 quinque
237 1030 266 1083 et
286 1023 387 1101 viginti
408 1041 495 1084 nares
511 1042 527 1083 e
546 1024 739 1103 quadraginta
758 1040 873 1102 cepere.
903 1039 999 1098 neque
1020 1021 1078 1082 ius

4 1162 10 1183 ‚
85 1104 324 1184 pulcherrimum
340 1108 402 1166 eius
413 1108 552 1167 victoriae
567 1106 634 1175 fuit,
652 1108 704 1167 sed
715 1106 793 1186 quod
804 1123 862 1167 uua
880 1104 937 1165 levi
951 1122 1049 1184 pugna

86 1196 153 1248 toto
168 1190 231 1249 eius
248 1206 318 1249 orae
333 1191 407 1249 mari
421 1191 506 1268 potiti
520 1199 613 1252 erant.
640 1191 738 1269 itaque
759 1189 796 1250 ad
812 1189 940 1250 Onusam
957 1188 1048 1251 classe

87 1274 235 1351 provecti:
266 1274 397 1333 escensio
409 1272 446 1333 ab
458 1273 579 1334 navibus
589 1276 738 1333 interram
751 1274 835 1333 facta.
864 1290 931 1333 cum
942 1271 1047 1333 urbem
1058 1283 1073 1330 a

2 1402 5 1413 ,
87 1356 116 1415 vi
131 1357 280 1434 cepissent
295 1366 467 1436 captamque
482 1356 686 1435 diripuissent,
701 1357 906 1434 Carthaginem
919 1354 987 1417 iude
997 1373 1048 1434 pe·

88 1446 170 1507 tunt,
187 1448 273 1518 etque
288 1458 405 1500 omnem
419 1458 521 1518 agrum
537 1443 615 1501 circa
627 1440 794 1519 depopulati
809 1447 957 1518 postremo
969 1447 1075 1501 tectae

2 1572 3 1577 ,
90 1540 208 1601 quoque
229 1524 359 1584 iniuncta
382 1542 467 1584 muro
488 1527 639 1604 portisque
660 1524 865 1585 incenderunt.
898 1522 968 1584 inde
992 1525 1078 1584 famu

90 1605 202 1684 praeda
227 1608 322 1683 gratis
345 1607 380 1667 ad
403 1607 615 1685 Longunticam
634 1610 769 1686 pervenit
789 1605 903 1677 classis,
930 1605 982 1666 ubi
1006 1609 1049 1667 vis

92 1705 199 1765 magua
210 1690 302 1766 sparti
312 1689 348 1750 ad
360 1707 423 1750 rem
435 1694 577 1752 nauticam
592 1701 729 1769 congesta
737 1699 805 1753 erat
815 1688 1047 1752 abHasdrubale.

92 1769 172 1845 quod
187 1773 257 1832 satis
271 1774 302 1832 iu
320 1791 405 1834 usum
426 1774 480 1834 fuit
502 1774 615 1836 sublato
638 1784 769 1836 ceterum
787 1792 874 1835 omne
895 1775 1047 1835 incensum

92 1862 147 1915 est.
174 1872 229 1915 nec
240 1857 414 1917 continentis
426 1857 514 1916 modo
524 1859 672 1936 praevecti
683 1867 751 1917 suut
762 1876 854 1925 oram,
866 1856 919 1918 sed
932 1858 1047 1918 inEbu·
1060 1866 1074 1912 t

91 1956 158 1998 sum
169 1938 293 2001 insulam
305 1942 518 2002 transmissum.
542 1940 582 2000 ibi
593 1939 676 2010 urbe,
690 1958 765 2017 quae
774 1949 862 2018 caput
872 1937 983 2000 insulae
994 1947 1047 2009 est,

94 2020 214 2083 biduum
231 2025 407 2102 nequiquam
423 2041 537 2084 surnuto
557 2023 659 2083 labore
674 2030 840 2101 oppugnata
856 2022 906 2081 ubi
920 2024 951 2082 in
967 2031 1078 2101 spemn

95 2106 209 2165 inritam
217 2105 323 2167 frustra
333 2108 390 2167 teri
403 2114 518 2186 tempus
538 2105 771 2168 animadversum
791 2114 848 2172 est,
871 2104 907 2164 ad
928 2104 1049 2183 popula·

96 2190 202 2249 tionem
217 2193 280 2267 agri
295 2192 370 2251 versi
387 2190 509 2269 direptis
524 2189 633 2269 aliquot
647 2190 833 2267 incensisque
848 2188 918 2248 vicis
939 2189 1077 2247 maioret

97 2290 180 2351 quam
197 2291 232 2332 ex
254 2275 416 2334 continenti
437 2274 546 2352 praeda
570 2282 654 2353 parta
669 2291 736 2334 cum
759 2272 790 2331 in
811 2288 900 2332 nares
914 2288 947 2331 se
967 2287 1048 2330 rece·

98 2357 222 2433 piscem,
250 2375 286 2417 ex
308 2355 472 2418 Baliaribus
493 2356 596 2418 insulis
621 2356 711 2435 legati
731 2373 833 2436 pacem
855 2361 989 2433 petentes
1013 2353 1048 2413 ad

98 2438 259 2517 Scipionem
277 2449 431 2501 venerunt.
461 2440 618 2501 indeflexa
635 2448 717 2501 retro
732 2439 846 2507 classis,
862 2438 1047 2516 reditumque
1060 2444 1091 2495 tu

98 2523 127 2582 iu
144 2523 277 2585 citeriora
291 2525 474 2603 productae,
496 2544 554 2603 quo
569 2527 700 2586 omnium
719 2521 910 2603 populorum,
932 2524 982 2601 qui
998 2521 1050 2582 Hi·

99 2605 197 2667 berum
220 2608 369 2677 accolunt,
398 2609 556 2670 multorum
583 2617 613 2668 et
638 2607 758 2670 ultimae
783 2607 940 2686 Hispaniae
961 2606 1048 2685 legati

100 2701 321 2760 concurrerunt,
350 2693 402 2753 sed
422 2694 473 2772 qui
498 2711 566 2753 vere
586 2693 708 2754 dicionis
728 2692 902 2770 imperiique
923 2691 1046 2752 Romani
1062 2697 1086 2746 tt

98 2771 163 2831 facti
176 2774 233 2832 siut
248 2773 398 2836 obsidibus
415 2776 489 2836 datis
509 2774 624 2854 populi,
648 2774 772 2854 amplius
795 2776 913 2836 fuerunt
932 2783 1049 2833 centum

100 2854 203 2928 viginti.
235 2857 324 2932 igitur
343 2858 532 2918 terrestribus
543 2875 659 2936 quoque
677 2859 768 2935 copiis
789 2859 859 2916 satis
877 2856 970 2915 fidens
989 2855 1046 2914 Ho-
1061 2863 1090 2911 ta

102 2952 197 2994 manus
223 2956 314 3015 usque
340 2939 376 2999 ad
401 2940 506 3001 saltum
532 2939 771 3001 Castulonensem
798 2949 842 2998 est
865 2954 1048 3016 progressus.

103 3017 257 3079 Hasdrubal
277 3023 308 3080 iu
328 3022 507 3084 Lusitaniam
527 3041 562 3083 ac
581 3024 703 3101 propius
724 3021 873 3082 Oceanum
894 3021 1048 3081 concessit.

159 3102 230 3165 xxi.
263 3104 399 3175 Quietum
419 3105 488 3164 iude
511 3106 575 3164 fore
593 3104 745 3166 ridebatur
770 3104 915 3185 reliquom
935 3106 1074 3164 aestatisr

103 3194 222 3265 tempus,
238 3188 398 3267 fuissetque
411 3206 465 3266 per
481 3188 612 3248 Poenum
627 3189 757 3256 hostem;
777 3189 829 3248 sed
844 3195 1077 3268 praeterquam

104 3270 172 3349 quod
185 3273 315 3350 ipsorum
329 3274 526 3351 Hispanorum
542 3272 670 3351 inquieta
687 3272 827 3351 avidaque
843 3273 875 3332 iu
892 3289 981 3331 noras
1001 3289 1049 3332 res

104 3363 163 3414 suut
181 3357 312 3434 ingenia,
335 3355 509 3417 Mandonius
529 3354 741 3434 indebilisque,
762 3358 813 3434 qul
836 3364 922 3416 autea
942 3354 1079 3433 Heme-t

104 3450 157 3497 tum
172 3440 289 3510 regulus
302 3440 415 3511 fuerat,
443 3448 598 3521 postquam
612 3439 738 3500 Romani
753 3439 789 3500 ab
804 3438 879 3503 ssltu
898 3456 1048 3501 recessere
