2575 4067
250 235 345 279 crans
358 236 400 278 ιι.
417 235 486 279 cun.
501 224 545 278 44.
560 223 603 279 to.
619 214 660 298 [e.
676 218 712 280 0.
728 223 790 280 805.
806 216 870 300 tet]
978 226 1039 290 145

75 385 175 467 gloria
187 398 288 444 rerum
303 387 452 460 gestuum
467 380 603 444 consules
618 382 846 463 triumpharunt.
877 383 1036 449 llinuclum
1051 394 1082 447 lo

74 465 233 531 consulem
248 481 315 525 cum
335 463 456 526 vulnere
475 466 556 544 gravi
579 463 706 528 relatum
723 466 755 527 ln
770 473 865 528 caetra
889 476 1039 533 mortuum

75 550 200 633 quidam
213 554 349 610 auctores
363 556 447 620 sunt,
468 556 498 609 et
510 548 549 610 li.
564 547 698 611 Fulvium
718 550 750 611 ln
766 546 865 612 locum
889 551 951 614 elus
967 571 1038 616 cen·

74 633 174 697 sulem
200 631 370 702 suffectum,
390 639 421 692 et
434 630 471 694 ab
492 649 544 704 eo,
573 650 641 694 cum
670 631 706 702 ad
732 634 894 695 exercitum
918 634 1040 698 Minucii

78 718 191 780 missus
209 722 303 786 esset,
325 715 487 777 Bovianum
504 733 538 777 ca
560 724 632 777 tum.
656 748 691 762 -
712 715 755 777 Ec
770 733 847 778 enno
866 716 940 780 Sera
953 718 1083 799 Arpi-16

78 820 151 864 num
167 798 313 863 Cesennia
335 805 456 879 recepta
479 797 516 859 ab
534 735 731 868 gemmeum
746 798 883 862 Herculis
900 818 1038 881 magnum

76 882 271 948 simulacrum
286 883 318 942 in
332 879 475 962 Capitolio
491 883 620 961 positum
637 881 872 963 dedicatumque.

142 966 227 1029 xlv,
267 964 300 1026 P.
321 962 451 1044 Sulpicio
473 964 648 1027 Saverrione
675 965 708 1029 Ρ.
737 964 912 1047 Sempronio
940 967 1066 1049 Scplrcl

77 1048 252 1115 consulibua
268 1048 428 1120 Samnites,
444 1066 498 1111 seu
512 1048 602 1110 inem
617 1067 671 1111 seu
684 1047 855 1113 (illationem
867 1049 937 1112 belli
951 1069 1040 1131 quae·

76 1141 191 1205 rentes,
206 1130 319 1212 legatos
332 1130 369 1193 dc
379 1148 452 1212 pace
466 1131 590 1194 nomem
601 1134 720 1195 misere.
748 1132 855 1276 quihus
869 1132 1041 1215 suppliciter

76 1215 237 1299 agentibus
254 1231 429 1294 responsum
451 1222 510 1287 est.
531 1216 589 1276 nisi
605 1215 748 1296 scepeie
771 1234 820 1278 um
835 1225 973 1297 permutes
987 1227 1069 1299 pri-2

76 1320 146 1365 cem
158 1300 302 1380 petissent
314 1297 469 1370 Samnites,
482 1298 617 1361 cranone
627 1298 706 1361 ultro
718 1300 792 1362 cltrc
806 1299 906 1363 heblta
920 1300 957 1364 de
967 1320 1041 1382 prce

76 1384 205 1462 stannci
219 1382 364 1462 petuisse:
380 1399 473 1454 nuno,
489 1381 607 1462 quaudo
618 1381 709 1445 verba
723 1400 796 1445 rana
809 1383 847 1445 cd
861 1383 893 1445 ld
906 1381 1040 1447 locorum

76 1469 207 1537 inerint,
229 1464 319 1527 rebus
339 1464 476 1527 standum
499 1483 572 1527 csse.
606 1464 639 1528 P.
660 1466 869 1547 Sempronium
888 1466 1069 1532 consulent

77 1570 148 1614 cum
164 1549 296 1611 erercllu
312 1546 395 1611 brevi
415 1551 448 1610 in
462 1548 583 1611 Samnio
597 1549 678 1611 lore:
705 1567 783 1632 eum,
802 1550 837 1612 cd
851 1548 963 1614 bellum
987 1569 1039 1630 pc·

76 1651 187 1697 cemne
201 1631 345 1694 inclinent
366 1632 472 1703 animi,
494 1631 556 1693 lalll
571 1650 631 1695 non
645 1649 743 1712 posse.
780 1642 922 1714 conperta
942 1636 1040 1698 omnin

77 1717 197 1780 senatui
210 1715 388 1785 relaturum:
398 1715 590 1779 decedentem
603 1734 639 1779 ex
655 1716 775 1779 &mulo
786 1716 938 1781 consulem
951 1718 1041 1800 leqctl

77 1806 287 1882 sequerentur.
326 1816 362 1860 ec
383 1817 460 1861 annc
482 1817 550 1862 cum
569 1808 707 1879 pacatum
725 1800 878 1864 Samnium
895 1804 1068 1866 exercitusl

77 1887 232 1949 Romanus
245 1882 375 1963 benigne
390 1881 524 1963 praebito
540 1893 706 1947 commeatu
719 1891 920 1964 peragrasset.
936 1886 1040 1949 loedua

77 1970 234 2048 authuum
249 1964 429 2029 Samnitibus
443 1965 601 2028 redditum.

142 2051 187 2113 Ad
207 2051 323 2130 Aequos
343 2050 412 2111 lude
432 2056 547 2112 veteres
576 2048 677 2113 hostes
699 2057 831 2112 ceterum
857 2067 912 2130 per
933 2052 1068 2115 multost

77 2152 175 2199 annos
197 2133 252 2197 sub
273 2134 372 2214 specle
393 2132 500 2194 lnssdae
517 2132 599 2213 pacis
623 2133 739 2211 quletcs
767 2149 852 2195 versa
877 2150 960 2195 arma
981 2134 1039 2197 lio·

78 2237 184 2289 manc,
202 2217 281 2298 quod
294 2216 437 2278 incolumi
446 2215 576 2278 ilemlco
590 2217 710 2277 nomine
724 2215 940 2277 mbsllarerent
953 2217 1040 2279 slmul

77 2322 150 2366 cum
165 2301 212 2362 his
228 2302 352 2364 Samniti
374 2298 494 2371 auxilia,
516 2307 546 2361 et
570 2306 637 2380 pest
652 2298 796 2360 Hernicos
820 2296 958 2360 subactos
974 2300 1070 2361 uni-e

474 2381 709 2548 uiuus
730 2380 846 2528 uuit
868 2379 1041 2529 uwel

80 2552 194 2616 nitihus
221 2552 343 2614 loedere
367 2549 482 2613 letales
505 2557 649 2612 venerant
673 2567 723 2613 res
748 2550 919 2629 repetitum,
947 2557 1067 2633 temp-r

80 2639 224 2701 tationem
245 2633 363 2697 aiebant
377 2651 456 2706 esse,
482 2642 515 2696 ut
532 2641 648 2697 terrore
670 2635 789 2697 lncusso
807 2630 878 2694 belli
893 2631 1041 2698 Romanos

79 2740 113 2783 se
128 2720 195 2782 lieri
214 2725 403 2800 paterentur,
429 2717 508 2798 quod
533 2726 643 2799 quanto
665 2735 756 2799 opere
777 2716 937 2799 optandum
964 2719 1043 2782 leret

80 2804 227 2867 llernlcos
242 2802 391 2872 decium,
413 2818 480 2863 cum
493 2801 600 2881 qulbus
618 2801 736 2864 licuerit
754 2818 823 2864 suas
839 2799 920 2881 leges
933 2801 1040 2865 Roma·

82 2905 139 2950 nae
153 2886 262 2948 clrltatl
280 2885 536 2966 praeoptaverint3
558 2884 664 2965 quibua
676 2882 808 2963 legendi,
826 2882 1069 2963 quinalium

81 2971 169 3050 copia
183 2986 243 3030 non
256 2969 346 3031 luerit
358 2984 414 3048 pro
427 2985 523 3048 poena
533 2967 731 3031 necessariam
745 2966 891 3027 clrltstem
907 2964 982 3027 iore.
1002 2964 1041 3027 ob

81 3058 158 3117 haee
178 3051 265 3132 vulgo
283 3054 315 3113 ln
338 3050 471 3113 conciliis
491 3051 597 3115 lactata
615 3048 742 3134 populm
760 3047 911 3110 Romanus
931 3044 1042 3110 bellum

81 3138 149 3200 lieri
166 3136 274 3218 Aequis
292 3136 392 3206 lussitr
407 3132 602 3218 cormrleeque
621 3132 711 3201 ambo
729 3129 768 3197 eu
786 3148 895 3196 novum
915 3129 1071 3213 profectio

79 3226 191 3289 bellum
206 3229 342 3303 quattuor
359 3221 439 3282 mllia
456 3238 472 3282 a
487 3221 590 3281 castris
605 3220 735 3279 hosfium
748 3215 956 3278 consederunt.
987 3216 1086 3278 tle-10

81 3324 212 3391 quorum
227 3307 384 3374 exercitus,
401 3302 495 3383 utqui
509 3319 563 3363 suc
577 3303 698 3362 nomine
712 3296 878 3377 permultos
893 3314 988 3361 annos
997 3298 1042 3359 in·

81 3392 175 3456 belles
198 3390 336 3469 eglssent,
360 3385 552 3451 tumultuario
574 3382 688 3453 simllls,
711 3383 775 3443 sine
797 3380 924 3445 <lucibus
944 3381 1043 3451 cerole.

82 3477 147 3538 sine
157 3474 293 3554 imperlo,
303 3472 462 3553 trepidare.
486 3467 535 3531 clii
546 3466 713 3531 exeundum
726 3466 756 3528 ln
768 3467 874 3537 eciem,
888 3464 937 3527 elll
949 3472 1044 3528 castra
1055 3478 1086 3533 11

133 3589 160 3630 r,
177 3587 238 3625 nnn
255 3584 324 3623 runs
342 3585 372 3624 u.
848 3560 888 3626 10
