2575 4067
276 234 370 276 amns
386 234 476 277 xxur.
493 233 562 277 oar.
578 225 623 276 42.
638 224 683 277 43.
701 216 740 297 [a.
759 219 794 280 O.
809 215 870 298 215]
990 221 1052 286 363

76 383 339 469 praetorisunius
351 382 473 461 etparvi
484 380 671 443 adtuendam
678 382 782 444 Nolam
793 383 932 462 praesidii
942 381 1053 464 praeda

74 484 213 536 sumum
229 468 287 528 iam
302 484 341 526 ne
356 465 560 544 manipulatim
575 465 710 547 quidem,
730 466 783 527 sed
798 466 945 529 latronum
961 466 1050 529 modo

75 560 273 635 percursant
289 550 358 611 totis
372 548 480 611 finibus
494 552 602 611 nostris
622 550 839 629 neglegentius,
860 570 948 631 quam
971 553 996 613 si
1020 553 1053 612 in

77 639 229 699 Romano
249 641 425 712 vagarentur
446 651 527 712 agro.
564 652 651 695 causa
671 643 769 696 autem
793 635 867 696 haec
892 645 949 705 est,
964 635 1051 714 'quod
1063 641 1092 694 ll

77 737 192 800 neque
208 726 239 778 tu
254 717 388 778 defendis
399 725 429 777 et
443 725 544 779 nostra
557 720 706 790 iuventus,
725 737 813 799 quae,
830 720 856 779 si
870 718 951 780 domi
964 728 1051 790 esset,

78 810 256 872 tutaretur,
270 802 366 862 omnis
380 799 434 861 sub
447 803 538 880 signis
551 801 658 863 militat
670 804 736 864 tuts.
775 819 831 862 nec
851 810 881 863 te
896 820 952 864 nec
967 820 1052 863 exer·
1063 810 1093 862 12

78 890 185 949 citum
203 893 286 946 tuum
301 886 413 955 norim,
438 885 509 955 nisi,
532 905 549 947 a
569 904 628 964 quo
649 893 693 946 tot
715 889 792 948 acies
812 885 960 948 Romanas
974 887 1053 947 iusas

79 978 261 1049 stratasque
275 987 340 1030 esse
355 971 463 1038 sciam,
483 971 510 1028 ei
526 969 610 1030 facile
626 987 691 1030 esse
704 970 799 1031 dicam
816 972 985 1051 opprimere
999 989 1052 1050 po·

80 1054 247 1137 pulatores
262 1059 380 1114 nostros
393 1069 482 1130 vagos
498 1055 562 1114 sine
579 1055 672 1131 signis
685 1054 811 1133 palatos,
833 1073 891 1135 quo
906 1071 1053 1134 quemque

78 1139 184 1200 trahit
200 1138 332 1217 quamvis
345 1154 418 1198 rana
433 1137 561 1216 praedae
576 1155 653 1216 spes.
678 1137 871 1199 Numidarum
888 1155 1050 1217 paucorum
1063 1144 1094 1195 1³

79 1223 128 1284 illi
153 1220 278 1301 quidem
299 1221 410 1299 praeda
427 1230 528 1292 erunt,
550 1221 789 1301 praesidiumque
809 1221 896 1283 simul
915 1221 1000 1282 nobis
1023 1231 1052 1282 et

80 1305 184 1369 Nolae
204 1304 366 1371 ademeris,
391 1306 416 1364 si
429 1304 531 1374 modo,
548 1307 628 1384 'quos
642 1313 678 1365 ut
692 1308 787 1366 socios
801 1305 928 1367 haberes
948 1306 1052 1384 dignos

82 1389 217 1457 duxisti,
246 1387 323 1447 haud
343 1387 481 1465 indignos
502 1387 628 1458 iudicas,
655 1406 729 1468 quos
753 1390 893 1451 infidam
917 1399 1053 1469 receptos

81 1474 237 1534 tuearis.“

151 1554 257 1618 XLlll.
287 1554 331 1615 td
346 1574 379 1616 ea
394 1555 542 1617 Hannibal
554 1555 721 1637 respondit,
741 1558 840 1618 omnia
854 1556 941 1617 simul
955 1557 1078 1617 iaceret

83 1642 236 1721 Hirpinos
258 1638 477 1718 Samnitesque:
498 1650 528 1702 et
547 1642 678 1702 indicare
699 1640 797 1702 clades
817 1659 885 1701 suas
906 1651 936 1701 et
950 1650 1054 1719 petere

82 1723 275 1805 praesidium
294 1730 324 1781 et
340 1726 425 1801 queri
440 1723 609 1787 indefensos
624 1743 657 1786 se
672 1724 889 1805 neglectasque.
921 1724 1082 1785 ludicen-2

86 1809 162 1869 dum
185 1813 285 1867 autem
304 1808 433 1884 primum
451 1807 556 1877 inisse,
584 1808 652 1867 dein
679 1809 839 1887 petendum
864 1808 1052 1888 praesidium,

85 1901 260 1973 postremo,
277 1889 305 1948 ni
320 1890 531 1968 inpetraretur,
553 1899 616 1950 tum
638 1891 764 1968 denique
786 1890 970 1971 querendum
990 1891 1053 1950 iru-

86 1985 152 2038 stra
168 1991 258 2054 opem
275 1971 461 2051 inploratam.
488 1974 648 2034 exercitum
664 1990 729 2033 sese
744 1990 805 2032 non
818 1974 849 2033 in
866 1990 970 2050 agrum
985 1973 1080 2033 Hir-3

87 2061 198 2140 pinum
211 2057 421 2126 Samnitemve,
436 2073 474 2117 ne
488 2066 518 2116 et
527 2057 589 2135 ipse
604 2058 687 2116 oneri
698 2063 788 2125 esset,
806 2055 858 2116 sed
874 2058 905 2115 in
919 2057 1053 2135 proxima

87 2143 157 2203 ioca
174 2141 324 2201 sociorum
337 2139 439 2220 populi
452 2140 577 2202 Romani
592 2140 796 2201 adducturum.
827 2140 862 2199 iis
878 2137 1053 2218 populandis

88 2235 119 2287 et
136 2225 264 2287 militem
279 2242 365 2285 suum
381 2225 564 2302 repleturum
578 2242 610 2284 se
626 2231 655 2284 et
666 2231 745 2285 metu
761 2223 864 2303 procul
882 2222 918 2284 ab
933 2225 969 2282 iis
983 2220 1052 2281 sub·

88 2318 245 2371 moturum
260 2306 360 2368 bostis.
396 2308 474 2387 quod
492 2307 529 2368 ad
546 2306 657 2368 bellum
672 2308 837 2369 Romanum
857 2307 1011 2374 adtineret,
1028 2306 1082 2365 sit

88 2394 294 2455 Trasumenni
315 2410 403 2471 qnam
428 2391 567 2462 Trebiae,
596 2393 621 2453 si
642 2392 808 2454 Cannarum
830 2410 918 2470 quam
943 2391 1052 2451 Trasu-

90 2478 198 2537 menni
212 2493 310 2554 pugna
327 2474 454 2536 nobilior
469 2482 561 2545 esset,
580 2475 745 2537 Cannarum
761 2493 793 2535 se
808 2492 924 2554 quoque
939 2491 1051 2534 memo·

91 2560 170 2622 riam
184 2557 341 2618 obscuram
357 2560 467 2620 maiore
483 2567 512 2620 et
523 2559 648 2622 clariore
666 2560 787 2621 victoria
802 2560 958 2620 iacturum.
985 2566 1079 2618 cumo

92 2642 151 2701 hoc
174 2659 317 2720 responso
338 2643 568 2723 muneribusque
590 2644 694 2724 amplis
708 2643 820 2722 legatos
842 2643 964 2710 dimisit:
989 2642 1053 2721 ipse

92 2724 244 2803 praesidio
258 2726 374 2787 modico
389 2726 493 2788 relicto
512 2730 544 2787 in
561 2728 664 2790 Tifatis
681 2729 831 2807 proiectus
851 2735 950 2788 cetero
968 2743 1052 2786 exer·

92 2809 156 2869 citu
171 2810 217 2868 ire
230 2809 334 2870 Nolam
350 2813 455 2888 pergit.
486 2810 590 2869 eodem
605 2811 709 2871 Hanno
724 2829 760 2871 ex
774 2814 885 2872 Bruttis
901 2829 968 2871 cum
983 2815 1082 2886 sup-o

93 2891 246 2970 plemento
254 2893 430 2969 Carthagine
439 2892 562 2952 advecto
573 2900 660 2969 atque
668 2891 830 2970 elephantis
841 2895 928 2953 venit.
949 2891 1052 2952 castris

95 2976 175 3035 baud
194 2973 296 3054 procul
315 2976 416 3053 positis
434 2975 521 3053 longe
544 2973 597 3035 alia
614 2975 713 3034 omnia
731 2976 892 3053 inquirenti
910 2982 1052 3053 conperta

32 3133 34 3138 Ι
94 3067 179 3128 sunt,
197 3077 284 3138 quarn
300 3076 374 3136 quae
392 3057 525 3137 alegatis
539 3059 687 3118 sociorum
702 3057 842 3118 audierat.
885 3058 959 3119 nihil
974 3058 1079 3118 enimi

95 3141 253 3203 blarcellus
262 3142 303 3203 ita
315 3149 429 3219 egerat,
443 3152 476 3203 ut
486 3150 535 3203 aut
550 3142 684 3203 fortunae
696 3151 745 3203 aut
756 3150 868 3201 temere
882 3143 960 3203 hosti
971 3158 1051 3202 com·

96 3226 219 3286 missum
242 3225 300 3286 dici
319 3235 435 3306 posset:
461 3226 612 3305 explorato
639 3243 707 3287 cum
721 3227 872 3305 firmisque
897 3224 1052 3305 praesidiis

96 3315 161 3367 tuto
183 3318 303 3390 receptu
325 3310 498 3390 praedatum
517 3312 606 3382 ierat,
628 3312 785 3389 omniaque
806 3308 886 3370 velut
913 3310 1053 3372 adversus

98 3402 284 3468 praesentem
307 3394 501 3456 llannibalem
523 3401 607 3455 cattta
626 3396 800 3474 provisaque
821 3393 947 3454 inerant.
981 3399 1081 3462 inme

96 3472 148 3534 ubi
162 3479 254 3538 sensit
267 3479 383 3541 hostem
398 3478 569 3542 adventare.
594 3480 694 3558 copias
713 3479 792 3538 intra
806 3479 922 3539 moenia
941 3478 1051 3543 tenuit:
