2575 4067
271 264 366 306 nmnu
378 265 437 307 vn.
460 263 529 308 ose.
548 251 648 307 14.1b.
667 243 706 326 [a.
724 246 759 309 0.
773 244 836 328 3⁶8]
992 253 1031 314 15

16 407 18 478 l
73 421 189 492 tempus
201 412 352 490 pugnandi
367 420 548 491 sumpturos,
570 415 595 470 si
611 410 649 473 ab
664 414 842 492 imperatore
857 431 917 475 non
934 413 1029 476 detur.

74 496 142 557 dum
158 496 232 556 haec
247 495 421 574 loquuntur,
437 496 568 555 iumenta
579 493 655 557 iortc
664 499 813 576 pascentia
828 505 910 558 extra
924 495 1030 560 ratium
1045 505 1062 555 s

16 653 18 664 Ι
73 578 155 640 Gallo
180 578 310 656 abigenti
334 578 391 640 duo
413 578 520 640 milites
542 577 668 639 llomani
695 579 878 640 ademerunt.
920 581 951 640 in
979 597 1031 641 eos

73 681 139 723 saxa
157 663 289 722 coniecta
309 681 326 722 a
341 661 445 739 Gallis,
464 661 570 721 deinde
585 660 621 722 ab
632 661 764 724 Romana
778 664 904 724 statione
918 660 1030 724 clamor

73 754 155 806 ortus
178 762 213 805 ao
233 762 410 824 procursum
430 745 580 824 utrimque
603 755 656 807 est.
693 747 810 825 iamque
829 745 909 807 baud
926 744 1063 825 proculo

73 829 148 889 iusto
164 826 278 907 proelio
294 847 342 889 res
363 834 461 898 erant,
483 829 513 888 ni
530 827 668 889 celeriter
683 828 861 909 diremptum
880 836 1030 890 certamen

73 929 126 992 per
143 913 332 972 centuriones
347 921 433 973 esset.
465 911 616 973 adfirmata
632 920 761 974 certeco
778 931 846 974 casu
861 911 937 974 Tulli
953 910 1030 991 apud

74 995 247 1055 dictatorem
260 994 334 1055 ddes
352 1004 409 1065 est,
431 1012 487 1055 uec
501 995 663 1074 recipiente
683 997 742 1056 lam
765 995 935 1057 dilationem
950 996 1030 1057 rein

72 1087 224 1158 posterum
239 1076 318 1139 diem
334 1078 459 1139 edicitur
474 1080 536 1138 acie
554 1086 745 1158 pugnaturos.
781 1079 904 1141 dictator
919 1087 1027 1149 tamen,
1044 1085 1062 1138 ο

73 1162 170 1241 utqui
185 1162 278 1239 magis
291 1162 396 1222 animis
407 1179 495 1242 quam
512 1161 623 1223 viribus
639 1162 733 1225 lretus
754 1162 791 1223 ad
806 1171 957 1224 certamen
977 1161 1028 1222 de·

74 1244 246 1315 scenderet,
264 1246 362 1306 omnia
377 1246 604 1324 circumspicere
625 1253 713 1325 atque
731 1246 841 1323 agitare
864 1246 975 1326 coepit,
998 1254 1031 1306 ut

74 1337 136 1389 arte
161 1327 257 1405 alique
276 1336 422 1389 terrorem
442 1327 575 1389 hostibus
599 1330 754 1390 incuteret.
790 1327 903 1390 sollerti
932 1329 1029 1388 animo

72 1429 136 1474 rem
153 1428 258 1474 noram
273 1414 437 1489 excogitat,
465 1429 521 1490 qua
536 1411 642 1472 deinde
657 1411 741 1473 multi
759 1414 851 1474 nostri
871 1420 959 1492 atque
979 1429 1029 1472 ex·

73 1496 151 1557 terni
165 1496 374 1573 imperatores,
392 1503 491 1556 nostra
503 1513 619 1575 quoque
631 1495 749 1574 quldrun
764 1504 873 1567 aetate,
888 1495 935 1557 usi
950 1502 1028 1555 sunt.

71 1577 159 1639 mulis
176 1586 266 1640 strata
282 1577 397 1640 detrahi
410 1576 493 1640 iubet
507 1577 642 1658 binisque
654 1586 768 1641 tantum
783 1577 968 1641 centunculis
982 1595 1029 1639 re·
1044 1585 1061 1636 7

71 1660 149 1723 lictis
163 1679 306 1739 agasones
319 1663 427 1740 partim
448 1662 569 1741 captivis
582 1663 691 1741 partim
705 1680 862 1742 aegrorum
875 1662 966 1723 armis
979 1679 1028 1722 or·

71 1754 157 1806 natos
172 1745 294 1824 inponit.
311 1744 357 1805 bis
372 1744 434 1807 iere
445 1743 526 1805 mille
537 1744 647 1806 edoctis
661 1754 779 1808 centum
791 1745 932 1806 admiscet
947 1746 1028 1825 equi-
1043 1750 1060 1801 s

72 1837 132 1898 tes,
149 1837 179 1889 et
196 1835 282 1888 nocte
303 1844 394 1906 super
415 1836 511 1889 castra
527 1829 558 1888 ln
576 1836 693 1890 montes
708 1829 832 1891 eradere
852 1846 887 1891 ac
904 1826 984 1889 silvis
997 1845 1029 1888 se

72 1911 223 1973 occultare
238 1910 318 1972 iubet
333 1928 429 1991 neque
443 1910 513 1972 inde
526 1920 594 1973 ante
604 1914 731 1984 moveri,
750 1930 838 1993 quam
849 1910 886 1972 ab
901 1929 934 1973 se
945 1928 1028 1973 accc·

16 2023 17 2074 3
72 1995 171 2074 perint
185 1995 311 2072 signum.
342 1994 420 2074 lpse,
443 1993 495 2055 ubi
515 1993 634 2067 inluxit,
656 1997 689 2057 in
714 1994 864 2058 radicibus
884 1995 1061 2056 montiumt

73 2077 233 2138 extendere
247 2078 340 2138 aciem
356 2079 454 2156 coepit
472 2077 590 2149 sedulo,
615 2085 648 2139 ut
664 2079 803 2140 adversus
824 2086 940 2140 montes
959 2094 1028 2137 con·

71 2162 190 2222 sisteret
200 2161 302 2222 hostis.
327 2162 471 2221 instructo
478 2161 544 2220 vani
557 2163 680 2221 terroris
692 2168 841 2241 apparatu,
853 2159 1029 2241 quiquidem
1039 2165 1072 2217 1⁰

72 2254 170 2305 terror
181 2242 248 2323 plus
260 2261 355 2323 paene
361 2245 438 2306 reris
444 2242 555 2304 obibus
566 2242 686 2322 proluit,
700 2245 797 2322 primo
809 2241 1030 2303 crederedueos

69 2325 224 2389 Gallorum
244 2344 304 2387 non
322 2325 517 2388 descensuros
534 2326 566 2387 in
587 2343 712 2405 aequum
728 2325 891 2394 llomanos;
913 2323 1028 2392 deinde,

71 2409 123 2471 ubi
141 2410 297 2489 degressos
316 2418 440 2489 repente
461 2409 611 2481 viderunt,
634 2418 664 2472 et
685 2411 741 2488 ipsi
762 2408 838 2471 avidi
858 2407 1029 2469 certaminis

72 2496 103 2555 iu
118 2494 265 2574 proelium
283 2501 387 2562 ruunt,
405 2494 545 2572 priusque
560 2511 659 2574 pugna
681 2493 792 2573 coepit,
809 2511 896 2573 quam
911 2493 1028 2570 olgnum

71 2576 107 2639 ab
127 2576 250 2638 ducibus
265 2577 393 2637 daretur.
437 2576 496 2638 XV.
531 2578 633 2639 dorius
648 2579 781 2639 invasere
797 2575 872 2638 Galli
892 2576 1028 2638 dextrum
1046 2584 1059 2636 i

70 2679 179 2729 cornu;
197 2679 293 2740 neque
304 2662 443 2722 sustineri
455 2662 630 2740 potuissent,
647 2662 678 2721 ni
691 2660 767 2722 iorte
779 2678 813 2722 eo
825 2660 891 2722 loco
905 2660 1029 2720 dictator

71 2745 182 2815 luisset,
195 2744 263 2805 Sex.
279 2744 406 2806 'l'ullium
423 2745 541 2805 nomine
556 2744 713 2824 increpans
723 2745 921 2824 rogitansque,
937 2743 1029 2805 sicine

70 2837 254 2908 pugnaturos
276 2827 382 2889 mllites
405 2826 627 2908 spopondissetl
663 2826 715 2889 ubi
735 2826 778 2888 illi
800 2827 945 2889 clamores
971 2826 1061 2886 sinte

71 2928 153 2972 arma
165 2914 357 2990 poscentium,
375 2910 426 2972 ubi
440 2912 545 2982 minae,
560 2912 673 2972 inlussu
684 2911 871 2990 imperatoris
883 2908 1030 2989 proelium

16 3015 17 3072 γ
70 2996 214 3055 luituros?
230 3013 266 3055 cn
278 2998 375 3076 ipsum
388 2994 597 3073 imperatorem
606 2994 684 3055 clara
694 3011 765 3054 voce
775 3010 881 3055 vocare
893 2992 929 3052 ad
940 3007 1028 3070 proe-

16 3095 17 3098 ’
70 3076 141 3139 ilum
159 3086 188 3139 et
201 3080 246 3139 ire
260 3086 405 3140 armatum
423 3084 490 3139 ante
509 3078 605 3159 prima
619 3078 715 3157 signa!
739 3078 840 3158 ecquis
855 3080 1029 3155 sequeretur

69 3180 187 3233 eorum,
206 3163 257 3241 qul
275 3161 364 3223 modo
385 3161 501 3223 ducturi
523 3161 650 3231 luerint,
670 3163 702 3222 in
726 3163 829 3223 eastris
847 3161 976 3227 seroces,
998 3157 1029 3217 ln

68 3246 132 3307 acie
148 3245 261 3324 pavidi?
276 3263 346 3307 vera
365 3241 537 3307 audiebant:
555 3246 653 3324 itaque
668 3253 764 3307 tantos
781 3244 877 3325 pudor
896 3239 1060 3305 stimulosa

16 3327 31 3410 g
68 3327 213 3399 admovit,
230 3337 264 3389 ut
282 3338 405 3390 ruerent
420 3330 451 3389 in
473 3328 601 3388 bostium
621 3326 680 3389 tela
698 3327 831 3389 alienatis
852 3346 869 3388 a
887 3325 1029 3386 memoria

67 3410 197 3490 periculi
211 3413 326 3474 animis.
356 3412 405 3473 bic
421 3412 518 3492 primo
533 3412 662 3490 impetus
676 3428 769 3491 prope
784 3427 885 3472 vecors
903 3408 1030 3472 turbarit

67 3496 183 3566 hostes,
197 3513 288 3575 eques
303 3495 410 3558 deinde
427 3495 551 3557 emissus
564 3493 698 3556 turbatos
712 3495 825 3557 avertit.
859 3494 921 3576 ipse
938 3493 1029 3556 diota·
1044 3503 1061 3551 c
