2575 4067
227 223 289 289 tab
421 238 516 281 unna
529 239 561 280 x.
578 236 648 282 nar.
664 224 708 279 bb.
722 223 767 280 ab.
788 213 827 298 [a.
843 239 875 281 u.
890 239 917 280 c.
931 214 993 300 tob]

186 386 345 450 indubiam
363 386 517 448 victoriam
539 402 619 456 esse;
641 386 694 466 qui
713 384 810 447 nudus
824 393 914 465 atque
932 385 1058 447 inermis
1074 386 1195 451 hoste·

185 478 214 533 11
228 478 360 543 maneat,
382 471 411 531 ei
431 478 482 532 aut
501 477 628 532 mortem
649 477 700 531 aut
717 471 889 532 sevitutem
906 468 1086 548 patiendam.
1117 469 1197 533 baec

226 556 357 635 iurganti
377 554 602 635 increpantique
622 553 843 632 respondebant
868 552 1020 615 coniectos
1040 571 1072 616 se
1092 571 1196 635 pugna

226 641 365 701 besterna
384 656 467 709 esse,
483 655 541 699 uec
553 639 661 700 virium
676 639 834 719 quiequam
848 654 905 699 nec
921 638 1074 716 sanguinis
1087 656 1194 718 super·

228 741 307 794 asse;
323 724 466 786 nidorem
477 720 698 784 multitudinem
707 723 836 785 bostium
849 738 1009 802 apparere,
1027 740 1116 802 quam
1130 724 1194 802 pri·

185 817 218 872 12
230 808 277 870 die
291 808 390 869 inerit.
415 808 495 868 inter
508 805 582 869 baec
596 805 853 888 adpropinquabat
869 822 992 884 aqmem
1009 813 1039 867 et
1051 806 1112 867 iam
1122 805 1192 872 bre·

226 894 308 956 viora
330 889 484 953 intervallo
510 892 638 953 certiora
658 892 808 953 intuentes
826 888 942 972 vallum¹
955 907 1057 952 secum
1071 898 1193 970 portare

227 978 390 1041 Samnitem
406 974 576 1046 adfirmant,
604 993 661 1036 nec
682 973 805 1036 dubium
826 991 907 1045 esse,
929 974 1002 1053 quin
1021 980 1117 1036 castra
1133 975 1191 1036 cir·

185 1069 218 1123 it
229 1058 431 1124 cumvallaturi
440 1061 508 1121 sint.
539 1066 611 1121 tnnc
626 1060 778 1120 enimvero
791 1056 895 1120 consui
910 1057 1065 1135 indignum
1078 1057 1193 1120 facinus

227 1161 292 1207 esse
315 1143 485 1215 vociferari,
506 1150 618 1205 tantam
647 1142 856 1204 contumeliam
882 1142 1135 1222 ignominiamque
1154 1141 1192 1205 ab

184 1237 218 1290 11
227 1229 416 1309 ignavissimo
432 1228 525 1307 accipi
539 1227 638 1290 hoste:
657 1275 675 1299 „
684 1228 811 1288 etiamne
827 1224 1131 1289 circumsedebimur‘
1145 1228 1191 1288 in·

227 1315 291 1394 quit
304 1314 356 1383 „in
367 1313 479 1383 castris,
492 1318 525 1373 ut
537 1311 615 1373 ianae
626 1312 724 1392 potius
734 1328 790 1390 par
799 1310 991 1388 ignominiam
997 1328 1085 1390 quarn
1098 1310 1191 1380 ferro,

227 1399 253 1460 ai
267 1413 390 1458 necesse
405 1402 464 1467 est,
480 1414 534 1477 per
552 1396 690 1456 virtutem
704 1395 910 1456 moriamuri“
933 1394 975 1455 dii
1000 1393 1077 1456 bene
1090 1405 1190 1456 uerte·

185 1489 217 1540 ib
228 1488 314 1549 rent;
330 1479 464 1540 iacerent
481 1476 578 1560 [que],
603 1479 683 1559 quod
703 1496 736 1539 se
750 1477 872 1558 dignum
887 1478 1012 1558 quisque
1032 1478 1191 1541 ducerent:

226 1562 379 1626 consulem
396 1563 435 1623 Μ.
449 1560 569 1623 Atilium
582 1562 629 1623 vei
649 1561 761 1641 solum,
782 1564 809 1623 si
830 1580 918 1623 nemo
945 1561 1019 1623 alius
1040 1572 1190 1643 sequatur,

226 1650 337 1709 iturum
349 1645 489 1707 adversus
499 1645 600 1707 hostes
612 1664 809 1726 casurumque
822 1648 901 1708 inter
915 1647 1000 1724 signa
1014 1646 1191 1709 Samnitium

183 1731 341 1811 topatius,
356 1746 444 1809 quam
463 1729 679 1791 circumvallari
701 1737 797 1792 castra
812 1730 945 1792 Romana
965 1729 1071 1792 uideat.
1111 1729 1191 1792 dicta

228 1811 357 1875 cousubs
376 1810 466 1889 legati
490 1811 663 1893 tribunique
691 1821 722 1875 et
747 1832 851 1876 omnes
871 1822 987 1876 turmae
1008 1815 1140 1893 equitum
1161 1823 1191 1876 et

184 1907 216 1957 17
227 1898 415 1959 centuriones
425 1899 591 1977 primorum
605 1898 743 1959 ordinum
760 1897 967 1978 adprobarem.
998 1905 1061 1959 tum
1076 1897 1189 1978 pudore

225 1983 318 2043 victus
329 1980 414 2043 miles
420 1983 550 2062 segniter
557 1984 733 2062 armacapii,
748 1982 1189 2062 segnitereaasutsaqreditm‚

226 2067 315 2146 longo
326 2067 443 2146 agmine
455 2068 683 2128 neccontinenti
693 2067 1014 2147 maestiaopropericti
1022 2066 1189 2146 procedunt

186 2157 218 2211 18
229 2150 368 2213 adversus
378 2152 556 2214 bostemnec
567 2169 619 2230 spe
632 2151 792 2213 necanimo
803 2153 971 2213 certiorem.
992 2150 1191 2232 itaquesimui

226 2243 384 2315 conspecta
394 2243 463 2297 sunt
473 2236 606 2297 Romana
618 2236 711 2315 sigua,
725 2234 897 2316 extemploa
909 2235 1005 2315 primo
1013 2235 1190 2298 Samnitium

226 2321 343 2399 agmiue
357 2318 393 2381 ad
406 2320 596 2381 uodmimum
607 2319 743 2381 fremitus
754 2318 903 2400 perierttu
915 2320 1006 2389 exire,
1019 2318 1050 2379 id
1061 2319 1142 2399 qnod
1152 2320 1184 2381 ti·

184 2408 217 2462 19
227 2404 371 2473 mueriut,
390 2402 427 2464 ad
449 2401 663 2482 inpediendum
680 2405 737 2466 iter
751 2404 915 2474 Romanam
933 2401 1045 2465 nullam
1062 2402 1134 2464 inde
1151 2421 1189 2464 ne

226 2486 313 2564 fugae
325 2486 445 2566 quidem
456 2493 559 2566 patere
573 2487 667 2558 tiam;
683 2486 734 2550 illo
748 2487 814 2549 loco
826 2497 877 2550 aut
886 2485 1051 2549 cadendum
1063 2505 1128 2549 esse
1139 2494 1190 2549 aut

199 2568 524 2651 istratisbostibnsper
537 2588 663 2650 corpora
676 2571 980 2634 eorumevadendum.
1005 2569 1132 2633 xxxvi.
1154 2571 1190 2632 ln

225 2649 358 2713 medium
378 2655 511 2715 sarcinas
521 2655 686 2724 coniciuut;
701 2657 807 2718 armati
820 2657 881 2718 suis
894 2656 1019 2736 quisque
1033 2653 1189 2716 ordinibus

196 2735 377 2798 ainsuuuni
389 2737 492 2798 aciem.
508 2737 567 2799 iam
578 2738 716 2817 exiguum
726 2739 804 2801 inter
814 2739 886 2801 duas
897 2740 976 2801 acies
982 2740 1188 2820 eratspatium,

226 2818 389 2884 obstabant
412 2829 618 2901 expectantes,
639 2821 709 2882 dum
731 2821 768 2882 ab
788 2822 922 2883 hostibus
939 2822 1022 2899 prius
1050 2824 1188 2904 impetus,

197 2905 1189 3071 311111111311311111111111πῖἓὲ

225 3083 325 3135 turum
340 3073 465 3136 alterum
481 3074 656 3136 timuissent.
683 3093 736 3137 sua
758 3084 863 3154 sponte
877 3076 956 3136 inter
977 3075 1086 3137 invitos
1097 3075 1189 3153 tergi·

225 3166 435 3240 censentesque
452 3157 551 3238 saquis
571 3175 672 3238 pugna
693 3157 822 3221 clamore
844 3160 962 3222 incerto
984 3166 1074 3239 atque
1091 3158 1189 3238 inpari

196 3243 334 3320 icoepit,
356 3261 412 3305 nec
442 3241 564 3322 vestigio
591 3243 746 3324 quisquam
766 3243 948 3306 movebatur.
996 3249 1061 3304 tum
1086 3240 1189 3304 consui

224 3321 388 3399 Romanus,
403 3335 437 3389 ut
450 3345 515 3389 rem
528 3328 686 3399 excitaret,
709 3328 840 3406 equitum
851 3344 961 3407 pancas
976 3334 1091 3388 turmas
1106 3333 1189 3386 extra

225 3405 360 3469 ordinem
380 3411 507 3476 inmisit;
525 3427 653 3486 quornm
674 3428 741 3469 eum
763 3407 900 3488 plerique
915 3408 1028 3488 delapsi
1044 3427 1080 3470 ex
1105 3409 1191 3487 equis

226 3496 325 3548 essent
345 3490 439 3550 etalii
453 3490 576 3553 turbati.
604 3497 634 3549 et
651 3492 858 3551 aSamnitium
881 3493 944 3550 acie
965 3491 1003 3550 ad
1018 3493 1190 3570 opprimen·
