2575 4067
355 265 450 310 nmen
466 269 497 311 x.
515 267 583 310 oar.
599 257 642 308 42.
660 256 701 307 43.
720 246 760 329 [c.
776 250 811 311 G.
827 248 889 330 293]
1035 251 1097 316 195

133 424 216 497 parta
232 416 349 477 occasio
365 421 457 485 esset,
474 414 563 476 acciri
577 433 650 495 quas
670 422 824 494 receperat
841 416 939 496 copies
953 417 1096 496 signaque

131 504 162 562 in
179 498 285 562 urbem
299 498 405 559 inlerri
420 499 513 560 lussit.
545 499 672 578 ingressi
686 500 836 578 proxima,
854 517 888 560 ea
903 508 1004 578 parte,
1026 501 1123 581 quies

133 603 190 646 nox
199 580 468 663 adpropinquabat,
481 583 627 662 quievere.
660 589 746 644 nocte
758 582 899 661 oppidum
910 582 947 643 ab
960 582 1121 646 hostibuso

132 669 283 730 desertum
305 674 358 727 est.
403 676 497 727 caesa·
507 664 559 726 illo
581 665 629 726 die
651 666 688 727 ad
709 664 893 745 Aquiloniam
917 667 1093 728 Samnitium

132 751 211 814 milia
227 751 330 829 viginti
349 751 475 811 trecenti
489 749 697 830 qnadraginta,
714 755 798 829 capta
822 751 879 810 tria
898 749 978 811 milia
999 752 1093 811 octin-

131 836 212 914 genti
234 843 264 895 et
291 833 489 914 septuaginta,
518 835 601 913 signa
627 831 764 895 militaria
790 835 949 913 nonaginta
970 842 1093 914 septem

131 929 264 979 ceterum
278 916 351 978 illud
363 918 524 979 memoriae
538 917 680 989 traditur,
701 934 762 979 non
777 916 871 978 lermo
885 916 975 979 elium
988 918 1121 979 ducemo

131 1002 284 1063 laetiorem
295 1002 327 1061 in
339 1002 402 1062 ecie
411 1001 504 1062 visum
518 1019 571 1064 seu
582 1010 687 1081 suopte
699 1003 818 1080 ingenio
831 1019 884 1063 seu
894 1001 1000 1063 fiducia
1015 1001 1092 1063 bene

133 1084 283 1163 gerundae
298 1086 352 1146 rei.
388 1082 425 1145 ab
441 1084 546 1147 eodem
561 1084 671 1147 robore
685 1086 776 1147 animi
789 1103 885 1165 neque
902 1093 1120 1147 controversot

132 1169 263 1247 auspicio
282 1170 415 1229 revocari
437 1186 454 1229 a
474 1169 588 1249 proelio
607 1170 716 1249 potnit,
740 1176 770 1229 et
785 1171 816 1230 ln
832 1171 897 1249 ipso
912 1171 1091 1240 discrimine,

131 1269 190 1332 quo
215 1250 324 1331 templa
344 1252 407 1313 deis
431 1252 637 1314 inmortalibus
663 1254 761 1314 voveri
782 1271 847 1315 mos
870 1263 948 1321 eret,
974 1261 1094 1315 voverat

130 1337 190 1398 lovi
205 1336 328 1409 Victori,
351 1337 377 1396 si
390 1334 522 1414 legiones
535 1337 665 1398 bostium
683 1336 818 1406 ludisset,
840 1336 980 1417 pocillum
994 1336 1092 1409 mulsi,

130 1422 301 1500 priusquam
316 1427 457 1481 temetum
472 1420 602 1491 biberet,
619 1439 685 1481 sese
700 1421 856 1482 iacturum.
888 1421 918 1482 ld
933 1428 1032 1482 votum
1046 1420 1093 1481 dis

131 1504 213 1564 cordi
231 1504 301 1574 iult,
321 1510 351 1563 et
365 1504 494 1583 auspicia
510 1506 541 1564 in
555 1502 666 1566 bonurn
684 1511 846 1565 verterunt.

192 1586 291 1648 llLlll.
322 1584 432 1648 Eadem
447 1587 565 1649 fortuna
578 1586 614 1648 ab
632 1586 726 1649 altero
742 1587 862 1649 consule
874 1587 911 1649 ad
926 1588 1092 1649 Cominium
1107 1598 1118 1645 t

116 1677 212 1750 ,gesta
228 1687 287 1730 res.
322 1672 416 1748 prima
437 1669 503 1731 luce
518 1671 554 1732 ad
569 1673 686 1732 moenia
701 1672 837 1733 omnibus
852 1673 944 1751 copiis
965 1670 1091 1733 admotis

131 1772 241 1815 corona
262 1754 353 1814 cinxit
374 1752 479 1815 urbem
501 1753 689 1835 subsidiaque
709 1756 810 1825 firma,
836 1774 874 1817 ne
896 1774 953 1835 qua
974 1756 1090 1835 eruptio

35 1906 42 1917 ⁸
131 1839 230 1908 deret,
253 1839 347 1917 portis
362 1838 507 1917 opposuit.
549 1839 608 1899 lam
621 1840 738 1918 signum
754 1839 872 1901 danum
887 1857 954 1900 eum
971 1840 1119 1900 nuntlns2

130 1941 147 1983 a
162 1920 274 1998 collega
294 1921 427 2000 trepidus
442 1920 478 1981 de
492 1922 594 1999 viginti
612 1922 777 1983 cohortium
792 1922 917 1983 adventu
932 1929 962 1982 et
975 1919 1012 1983 ab
1034 1923 1089 1982 im·

129 2014 199 2085 petu
213 2012 346 2066 moratus
361 2013 405 2066 est
420 2013 450 2066 et
463 2013 579 2085 partem
593 2007 745 2085 copiarum
762 2022 903 2066 revocare
917 2005 1090 2067 instructam

129 2091 330 2169 intentamque
355 2088 392 2149 ad
413 2088 644 2168 oppugnandum
668 2089 773 2167 coegit.
811 2088 845 2149 li.
862 2087 986 2147 Brutum
1002 2087 1117 2149 Scae-3

130 2191 194 2234 vam
209 2172 337 2250 legatum
351 2189 419 2233 cum
434 2170 550 2250 legione
570 2172 666 2251 prima
681 2179 711 2232 et
727 2171 829 2231 decem
847 2168 1017 2231 cohortibus
1031 2170 1090 2232 ala·

129 2259 182 2317 riis
203 2258 390 2337 equitatuque
416 2256 461 2316 ire
489 2255 628 2317 adversus
649 2254 812 2317 subsidium
837 2255 965 2315 hostium
989 2253 1089 2315 lussit:

130 2358 314 2421 quocumque
333 2343 365 2401 in
384 2338 450 2400 loco
477 2338 580 2400 inisset
606 2339 724 2407 obrius,
753 2337 910 2399 obsisteret
937 2353 971 2397 ac
991 2347 1118 2398 mora-4

129 2432 227 2495 retur,
255 2441 448 2505 manumque,
475 2426 500 2484 si
526 2422 603 2484 iorte
624 2425 665 2484 ita
685 2441 735 2484 res
755 2430 903 2502 posceret,
931 2419 1089 2493 conterret,

128 2508 216 2571 modo
232 2526 269 2569 ne
285 2509 321 2569 ad
336 2509 502 2575 Cominium
518 2525 570 2568 eae
583 2509 686 2588 copiae
699 2505 849 2569 admoveri
862 2516 991 2586 possent.
1026 2506 1118 2585 ipseo

128 2591 305 2662 scalasierri
317 2592 353 2653 ad
364 2610 465 2656 muros
477 2592 513 2654 ab
526 2593 607 2654 omni
616 2600 699 2672 parte
711 2590 792 2653 urbis
802 2591 887 2652 iussit
898 2608 932 2652 ac
943 2588 1090 2652 testudine

129 2677 165 2737 ad
184 2684 286 2756 portas
299 2677 448 2739 successit.
480 2676 567 2738 simul
585 2685 613 2738 et
628 2676 868 2755 refringebantur
884 2683 987 2756 portae
1005 2681 1034 2739 et
1047 2674 1091 2736 vis

128 2760 512 2840 undiquelnmurosflebet.
534 2762 681 2823 Samnites
692 2762 775 2831 sicut,
787 2759 1090 2840 antequaminmuris

129 2840 1090 2924 viderentarmatos,satisanimihabueruntndprohibendosurbis

131 2924 212 2984 aditu
225 2924 341 2994 hostes,
356 2928 405 2996 ita,
421 2935 576 3006 postquam
592 2929 651 2988 iam
663 2944 723 2987 non
736 2944 772 2986 ex
784 2923 938 2986 intervallo
952 2941 1007 2983 nec
1020 2922 1089 2983 mis·
1106 2928 1124 2978 o

130 3004 248 3077 smnus,
266 3007 319 3068 sed
332 3011 496 3070 comminus
519 3011 676 3090 gerebatur
691 3027 748 3081 res,
763 3017 800 3080 et,
814 3010 865 3087 qui
878 3023 968 3085 aegre
975 3021 1092 3067 succes·

129 3088 370 3170 serantexplano
381 3092 412 3151 in
423 3110 524 3155 muros
533 3094 608 3166 loco,
625 3113 713 3175 quem
727 3095 821 3171 magis
833 3092 1002 3160 timuerant,
1017 3089 1091 3148 ricto

129 3174 216 3237 facile
230 3177 262 3237 in
274 3175 390 3237 hostem
403 3176 537 3255 inparem
548 3194 690 3256 exaequo
704 3175 891 3256 pugnabant,
903 3173 1014 3235 relictis
1030 3179 1117 3233 tur-7

129 3259 407 3339 ribusmurisquein
415 3258 771 3338 iorumomnesoonpulsl,
784 3257 1089 3338 paulisperindetem·

129 3343 286 3425 piaverunt
292 3351 457 3406 extremam
468 3361 584 3424 pugnae
591 3343 749 3414 fortunam,
762 3341 996 3403 deindeabiectis
1002 3341 1120 3402 armisu

131 3430 167 3491 ad
178 3429 317 3492 undecim
328 3427 408 3490 milia
419 3428 573 3491 hominum
584 3436 614 3490 et
624 3426 833 3509 quadringenti
842 3427 873 3488 in
884 3424 972 3487 fidem
984 3442 1089 3487 consu·

131 3513 167 3575 lis
180 3522 341 3584 venerunt;
364 3531 449 3576 caesa
463 3515 500 3575 ad
512 3519 637 3594 quatuor
660 3512 739 3575 milia
754 3512 916 3633 octingepti
934 3510 1090 3589 octoginta
