2575 4067
252 217 313 277 274
430 228 523 270 nrnnn
536 227 612 269 xx11.
629 227 698 269 cae.
716 203 917 286 14.1s.[a.u.
934 228 960 266 e.
977 207 1038 285 537]

214 382 240 435 tl
254 392 303 434 res
321 375 424 435 nostri.
453 373 505 433 sed
518 375 611 435 virae
629 391 698 434 rere
712 373 877 442 Romanus,
899 390 957 451 quo
973 371 1020 432 die
1035 372 1224 437 dictatorem

254 475 321 517 cum
340 474 376 517 ex
391 459 564 518 auctoritate
578 466 697 536 patrum
718 457 857 535 iussuque
879 453 980 534 populi
996 455 1106 517 dictum
1124 459 1224 518 Veios

253 539 372 601 allatum
387 548 444 610 est,
467 558 535 601 cum
551 547 629 601 esset
642 541 714 599 satis
733 538 823 600 altum
838 537 1014 607 lanicrdum,
1036 538 1087 600 ubi
1103 540 1222 602 sedens

251 632 456 704 prospectaret
471 623 603 693 hostem,
625 621 778 684 descendit
797 624 828 682 in
850 640 952 682 aecum
976 631 1062 701 atque
1077 622 1129 682 illo
1146 625 1221 703 ipso

252 706 299 767 die
311 704 409 768 media
420 709 450 766 in
462 705 549 777 urbe,
564 726 619 786 qua
649 724 728 767 nunc
738 705 822 766 busta
834 704 943 766 Gallica
954 714 1037 776 sunt,
1050 715 1080 768 et
1089 714 1220 783 postero

213 798 242 848 tc
254 789 301 851 die
323 791 396 850 citra
417 788 525 852 Gabios
544 789 651 850 cecidit
670 788 819 850 Gallorum
844 787 984 866 legiones.
1027 788 1117 868 quid?
1142 801 1219 868 post

167 930 172 939 ,
253 872 361 934 mrdtos
375 891 468 935 annos
482 891 548 933 curn
564 872 601 934 ad
617 870 758 934 Furculas
769 872 912 933 &ordinas
927 871 963 932 ab
978 871 1109 933 Samnite
1123 872 1217 935 hoste
1282 890 1284 941 3

251 956 419 1035 subiugum
433 956 514 1016 missi
530 975 645 1026 sumus,
662 964 759 1016 utrum
775 955 895 1016 tandem
908 955 940 1015 L.
953 956 1085 1034 Papirius
1100 957 1217 1018 Cursor

252 1042 319 1117 iuga
333 1041 444 1101 Samnii
457 1038 664 1119 perlustrando
679 1057 717 1099 an
731 1039 885 1099 Luceriam
895 1039 1058 1116 premendo
1069 1036 1215 1101 obsiden-

252 1123 348 1202 doque
364 1132 393 1182 et
409 1123 579 1184 lacessendo
593 1123 734 1183 rictorem
746 1121 863 1182 hostem
880 1120 1033 1201 depulsum
1049 1121 1085 1182 ab
1099 1122 1214 1185 Romo·

212 1208 297 1267 leuis
310 1205 472 1267 corvicibus
491 1208 590 1284 iugum
611 1205 740 1284 superbo
756 1205 880 1266 Samniti
902 1205 1047 1284 inposuit?
1072 1206 1164 1267 modo
1181 1207 1213 1270 C.
1283 1232 1284 1277 3

250 1289 366 1350 Lutatio
381 1308 456 1369 quae
471 1289 527 1350 alia
542 1308 590 1350 res
603 1308 690 1369 quam
707 1288 841 1349 celeritas
854 1289 1006 1350 victoriam
1017 1287 1113 1358 dedit,
1130 1290 1213 1368 quod

250 1382 370 1452 postero
383 1372 445 1443 die,
461 1392 549 1451 quam
560 1374 676 1434 hostem
688 1371 766 1442 vidit,
790 1369 914 1433 classem
932 1390 1050 1449 gravem
1061 1390 1212 1434 commea·
1283 1442 1284 1457 χ

250 1456 344 1527 tibus,
364 1457 526 1535 inpeditam
547 1466 663 1517 suomet
682 1457 776 1535 ipsam
794 1455 990 1516 instrumento
1012 1462 1098 1533 atque
1119 1455 1211 1535 adpa-
1283 1474 1284 1497 ³

214 1548 241 1598 rt
254 1547 334 1608 ratu,
353 1540 517 1618 oppressit?
539 1538 661 1599 stultitia
682 1548 727 1600 est
754 1537 883 1600 sedendo
904 1548 955 1599 aut
974 1540 1047 1599 votis
1068 1537 1212 1601 debellari

251 1621 372 1683 credere
387 1640 487 1699 posse:
506 1640 586 1682 arma
599 1623 697 1701 capias
712 1630 829 1701 oportet
839 1629 869 1683 et
885 1621 1045 1682 descendas
1058 1623 1089 1682 in
1103 1640 1211 1683 aecum

251 1713 280 1764 et
296 1705 340 1764 vir
356 1723 422 1764 cum
443 1706 507 1765 viro
527 1705 743 1781 congrediaris:
769 1705 905 1766 audendo
919 1713 1006 1784 atque
1026 1704 1137 1783 agendo
1157 1723 1210 1766 res

252 1788 383 1847 Romana
407 1788 513 1857 crevit,
536 1805 595 1847 non
616 1788 663 1848 hls
686 1789 825 1866 segnibus
848 1788 991 1859 consiliis,
1018 1807 1092 1868 quae
1112 1788 1210 1849 timidi

212 1879 241 1928 15
253 1877 337 1930 cauta
347 1878 483 1932 recant.“
511 1871 584 1932 haec
599 1870 678 1933 velut
691 1873 871 1933 contionanti
885 1873 1011 1933 Minucio
1028 1871 1209 1933 circumluu-

250 1952 375 2014 debatur
400 1953 587 2016 txibuuorum
609 1957 798 2034 equitumque
820 1956 1018 2016 Romanorum
1041 1954 1206 2025 multitudo,

251 2036 331 2098 etad
351 2054 438 2099 eures
460 2057 575 2118 quoque
600 2038 724 2099 militum
749 2038 826 2098 dicta
851 2039 960 2099 ferocia
984 2037 1207 2108 evolvebantur,

249 2139 297 2191 ac,
320 2122 346 2182 sl
365 2121 500 2182 militaris
521 2122 651 2199 suliragii
670 2139 719 2181 res
740 2130 830 2191 esset,
861 2121 938 2182 haud
960 2122 1048 2183 dubie
1073 2121 1208 2184 ferebant

253 2204 412 2266 Minucium
427 2204 518 2266 Fabio
536 2206 603 2282 duci
619 2203 812 2284 praelaturos.

224 2297 235 2345 t
310 2288 370 2349 XV.
397 2287 505 2349 Fabius
515 2291 627 2367 pariter
639 2289 670 2348 in
684 2307 754 2349 suos
767 2288 846 2349 haud
859 2291 957 2350 minus
967 2306 1053 2368 quam
1067 2291 1099 2350 iu
1116 2291 1207 2352 bost'u

249 2373 392 2442 intentus,
409 2374 492 2450 prius
506 2371 543 2431 ab
559 2370 616 2432 illis
630 2373 770 2433 invictum
787 2373 917 2433 animum
934 2380 1073 2452 praestat.
1104 2393 1206 2453 quam

249 2473 335 2533 quam
353 2453 446 2535 probe
461 2457 517 2515 scit
530 2472 590 2516 non
607 2457 638 2516 in
654 2457 759 2516 castris
775 2456 863 2516 modo
878 2459 953 2525 suis,
977 2456 1029 2517 sed
1043 2457 1102 2517 iam
1119 2460 1204 2519 etiam

248 2537 357 2598 llomae
368 2538 507 2600 infamem
519 2556 601 2599 suam
613 2541 829 2600 cunctationem
842 2557 914 2611 esse,
931 2539 1094 2602 obstinatus
1109 2549 1206 2602 tamen

223 2627 353 2680 atonore
370 2622 473 2681 eodem
495 2621 685 2683 consiliorum
708 2624 826 2683 aestatis
839 2623 983 2703 reliquom
1006 2625 1146 2693 extraxit,
1175 2635 1206 2685 ut

251 2701 394 2761 llannibal
418 2705 573 2766 destitutus
593 2702 630 2765 ab
653 2721 705 2782 spe
728 2724 841 2768 summa
862 2725 919 2786 ope
932 2708 1016 2787 petiti
1037 2709 1205 2770 certaminis

248 2787 306 2846 iam
321 2783 454 2847 hibernis
470 2785 567 2848 locum
591 2788 866 2869 circumspectaret,
888 2792 955 2872 quia
972 2811 1005 2852 ea
1020 2794 1103 2870 regio
1117 2809 1204 2870 prae·

250 2870 340 2931 sentis
355 2879 419 2931 erat
440 2872 556 2951 coplae,
581 2891 639 2934 non
660 2884 836 2954 perpetuae,
860 2875 981 2937 arbusta
1000 2877 1159 2955 vineaeque
1174 2885 1203 2938 et

249 2954 361 3015 consita
378 2957 476 3016 omnia
491 2958 583 3034 magis
598 2960 729 3019 amoenis
744 2976 832 3037 mam
853 2960 1027 3020 necessariis
1048 2959 1203 3022 lructibus

223 3037 325 3098 abaco
339 3055 393 3118 per
408 3038 608 3119 exploratores
626 3040 718 3103 relata
731 3041 831 3102 Fabio.
867 3060 934 3103 cum
950 3045 1019 3104 satis
1041 3045 1132 3103 sciret
1148 3062 1203 3123 per

247 3120 365 3182 easdem
380 3124 541 3200 angustias,
561 3122 666 3204 qulbus
678 3126 838 3186 intraverat
852 3125 1010 3189 Falernum
1020 3143 1138 3204 agrum,
1153 3145 1202 3188 re·
1283 3192 1284 3195 ,

247 3204 394 3274 diturum,
417 3205 584 3268 Calliculam
599 3216 730 3269 montem
750 3218 779 3270 et
794 3209 952 3272 Casilinum
970 3221 1094 3288 occupat
1107 3210 1197 3270 modi·

248 3288 289 3347 cis
303 3288 465 3366 praesidiis,
483 3309 557 3370 quae
568 3290 640 3352 urbs
651 3290 794 3354 Vulturno
805 3292 926 3355 llumine
940 3294 1086 3372 dirempta
1100 3292 1200 3355 Faler-

222 3381 317 3430 tnum
331 3389 348 3431 a
363 3372 511 3452 Campano
528 3392 599 3453 agro
620 3374 736 3445 diridit3
757 3378 820 3456 lpse
835 3379 911 3456 iugis
928 3378 1023 3439 isdem
1039 3379 1200 3440 exercitum

246 3451 360 3511 reducit
387 3457 476 3517 misso
500 3457 682 3537 exploratum
709 3478 775 3520 cum
801 3461 1023 3540 quadringentis
1053 3460 1200 3538 equitibus
