2575 4067
36 226 152 419 s
230 235 292 298 256
413 248 507 289 omna
520 248 584 289 111.
601 247 669 288 oar.
683 233 727 285 oi.
740 234 784 288 ct.
800 226 840 307 [a.
856 250 887 288 u.
902 249 928 289 c.
942 227 1005 308 oab]

230 408 431 473 transgressus
450 394 593 454 iliberum
610 392 776 455 Hasdrubal
789 412 857 455 oum
878 403 945 454 octo
968 393 1086 454 milibus
1105 395 1191 473 pedi·

230 489 307 548 tum,
326 477 405 539 mille
416 480 548 558 equitum
560 485 709 556 tamquam
724 477 761 537 ad
772 479 902 556 primum
914 476 1069 538 adventum
1080 476 1191 540 Roma·

231 581 337 624 norum
362 579 553 632 occursurus,
587 570 742 640 postquam
772 560 903 639 perdItas
937 577 987 620 res
1019 559 1056 622 ad
1080 561 1191 622 Cissim

202 648 393 724 semesaque
412 654 509 706 castra
529 646 657 723 accepit,
679 645 735 705 iter
758 645 795 704 ad
812 662 896 705 mare
916 645 1069 705 convertit.
1108 644 1191 706 haud

230 728 334 810 procul
345 730 513 790 Tarracone
528 727 666 790 classicos
680 727 788 789 milites
802 727 977 807 navalesque
988 729 1084 788 socios
1099 745 1191 806 vagos

229 813 413 893 palantisque
433 830 489 893 per
507 830 609 891 agros,
633 811 712 891 quod
735 813 829 873 lerme
851 812 899 882 lit,
922 820 956 872 ut
976 811 1122 872 secundae
1140 830 1191 871 res

231 897 447 976 neglegentiam
466 907 582 968 creent,
606 898 704 976 equite
723 896 832 975 passim
854 895 973 956 dimisso
995 913 1064 956 cum
1081 912 1190 972 magna

204 982 335 1051 aceede,
352 983 463 1042 maiore
478 981 548 1060 luga
566 979 603 1041 ad
621 997 710 1040 naves
726 978 874 1058 conpellit.
905 995 960 1039 nec
985 978 1094 1040 diutius
1108 980 1190 1039 circa

232 1084 267 1125 ea
282 1066 347 1126 loca
361 1066 472 1125 morari
487 1072 589 1134 ausus,
606 1082 644 1124 ne
660 1062 697 1123 ab
708 1064 844 1142 Scipione
860 1063 1093 1141 opprimeretur,
1106 1071 1190 1124 tram

203 1149 372 1210 illiberum
386 1166 452 1209 sese
472 1150 594 1227 recepit.
631 1157 661 1206 et
679 1147 777 1225 Scipio
797 1147 904 1224 raptim
920 1145 956 1206 ad
972 1145 1081 1205 lamam
1097 1164 1187 1207 novo·

232 1251 298 1294 rum
315 1233 443 1294 hostium
464 1234 582 1311 agmine
601 1239 680 1301 acto,
703 1249 769 1291 com
786 1231 818 1289 in
832 1247 942 1308 paucos
953 1229 1121 1308 praelectas
1136 1249 1189 1292 na·

230 1318 308 1377 num
324 1317 589 1385 animadvertisset,
605 1314 752 1394 praesidio
766 1314 935 1374 Tarracone
949 1312 1068 1373 modico
1084 1313 1189 1376 relicto

203 1400 384 1480 olimporias
405 1419 471 1461 eum
489 1400 581 1461 classe
596 1398 691 1459 rediit.
728 1397 845 1458 dadum
860 1397 993 1475 digresso
1007 1416 1042 1458 eo
1057 1397 1189 1460 Hasdru·

231 1482 280 1545 bal
290 1485 405 1554 aderat,
419 1492 448 1543 et
457 1484 616 1561 Ilergetum
628 1480 753 1562 populo,
765 1482 816 1561 qui
826 1480 945 1541 obsides
956 1481 1088 1560 Scipioni
1098 1481 1189 1542 dede·

231 1576 286 1636 rat,
303 1567 339 1628 ad
351 1566 546 1627 delectionem
557 1565 683 1645 inpulso,
697 1583 764 1626 cum
780 1582 883 1626 eorum
895 1566 1028 1644 ipsorum
1038 1566 1190 1626 iuventute

202 1658 318 1728 eagros
337 1649 467 1710 fidelium
488 1649 628 1711 Romanis
648 1651 796 1710 sociorum
824 1656 925 1709 vastat
967 1650 1061 1709 excito
1080 1648 1189 1708 deinde

232 1733 369 1811 Scipione
390 1732 523 1793 hibernis
547 1740 609 1794 toto
634 1735 678 1794 cis
697 1733 841 1793 Hiberum
878 1751 981 1793 rursus
1009 1730 1088 1793 cedit
1105 1749 1187 1812 agro.

231 1817 329 1895 Scipio
343 1813 476 1876 relictam
497 1815 535 1878 ab
553 1825 673 1878 auctore
693 1817 865 1877 delectionis
885 1815 1043 1894 llergetum
1068 1825 1188 1895 gentem

230 1918 297 1960 oum
318 1899 426 1962 inlecto
447 1901 578 1961 erercitu
600 1902 768 1971 invasisset,
794 1899 942 1979 conpulsis
962 1899 1100 1960 omnibus
1118 1901 1188 1961 Ata·

229 2001 353 2061 nagrurn
369 1983 489 2054 urbem,
505 2003 580 2065 quac
595 1993 684 2064 caput
698 1986 760 2045 eius
777 1982 879 2063 populi
891 1992 970 2053 erat,
988 1984 1186 2054 circumsedit

201 2068 363 2147 tintraque
379 2068 441 2129 dies
455 2087 564 2150 paucos
580 2068 715 2147 pluribus
734 2085 822 2146 quam
843 2073 912 2127 ante
927 2066 1079 2129 obsidibus
1092 2069 1187 2146 impe·

229 2153 300 2213 ratis
315 2151 457 2230 llergetes
470 2153 594 2232 pecunia
612 2154 700 2213 etiam
715 2151 854 2212 multatos
873 2153 904 2211 in
915 2152 963 2212 ius
980 2150 1188 2230 dicionemque

200 2238 349 2315 trecepit.
375 2236 444 2296 inde
459 2238 490 2297 in
501 2237 662 2297 Ausetanos
673 2252 768 2314 prope
782 2233 942 2303 Hiberum,
958 2236 1055 2295 socios
1065 2243 1096 2294 et
1106 2234 1188 2313 ipsos

227 2319 411 2390 Poenorum,
426 2320 574 2399 procedit,
590 2327 678 2398 atque
689 2317 764 2379 urbe
775 2335 877 2378 eorum
892 2315 1012 2378 obsessa
1023 2318 1188 2379 Lacetanos

228 2401 367 2465 auxilium
389 2404 521 2464 finitimis
540 2403 670 2464 terentes
689 2409 775 2463 nocte
800 2401 879 2463 haud
899 2401 1004 2480 procul
1025 2401 1085 2462 iam
1100 2401 1185 2471 urbe,

199 2489 294 2546 tcum
309 2488 422 2547 intrare
436 2486 558 2555 vellent,
580 2489 696 2566 excepit
708 2484 830 2546 insidiis.
865 2503 950 2546 caesa
969 2483 1007 2545 ad
1028 2484 1185 2545 duodecim

227 2567 322 2638 milia:
341 2573 420 2631 exuti
428 2589 521 2651 prope
533 2588 636 2631 ornnes
652 2571 740 2631 ermis
752 2570 854 2630 domos
865 2570 973 2647 passim
983 2567 1116 2648 palantes
1131 2587 1180 2649 per

228 2668 313 2727 agros
334 2650 485 2729 diffugere.
518 2671 574 2714 nec
599 2653 735 2714 obsessos
757 2652 813 2713 alia
832 2652 891 2714 ulla
912 2670 962 2714 res
981 2670 1069 2732 quam
1084 2654 1184 2733 iniqua

186 2739 219 2791 to
228 2734 464 2813 oppugnantibus
477 2736 573 2796 biems
587 2735 745 2799 amabatur.
774 2739 892 2815 triginta
909 2734 971 2796 dies
987 2735 1104 2797 obsidio
1119 2737 1183 2806 luit,

227 2834 281 2896 per
302 2837 376 2898 quos
396 2837 464 2880 raro
486 2837 624 2899 umquam
645 2821 696 2881 nix
720 2822 817 2881 minus
842 2829 979 2900 quattuor
1010 2819 1106 2899 pedes
1125 2819 1182 2880 alta

226 2903 328 2972 iacuit;
346 2903 476 2983 adeoque
493 2902 608 2982 pluteos
625 2923 659 2966 ao
676 2907 775 2965 vineas
792 2905 992 2965 Romanorum
1015 2912 1181 2982 operuerat,

226 2995 259 3047 ut
285 3005 319 3048 ea
341 2988 402 3049 sola
425 2989 543 3068 ignibus
566 2988 740 3068 aliquotiens
763 2989 904 3050 coniectis
928 2986 964 3048 ab
984 2986 1071 3047 hoste
1094 2989 1182 3048 etiam

185 3078 214 3128 11
228 3082 422 3134 tutamentum
446 3074 543 3133 luerit.
578 3083 742 3153 postremo,
771 3089 839 3132 cum
864 3072 1018 3132 Amusicus
1043 3072 1183 3151 princeps

225 3172 327 3215 eorum
345 3157 382 3217 ad
393 3154 604 3217 Hasdrubalem
619 3157 809 3235 profugisset,
825 3156 926 3234 viginti
942 3157 1056 3232 argenti
1065 3155 1182 3216 talentis

223 3241 303 3316 pacti
316 3238 473 3301 deduntur.
507 3241 707 3301 Tarraconem
720 3241 751 3300 in
767 3238 891 3300 hiberna
909 3238 1037 3299 reditum
1053 3249 1107 3300 est.

286 3322 371 3384 Lllll.
403 3325 514 3385 Romae
536 3333 585 3385 aut
605 3325 684 3384 circa
705 3323 810 3384 urbem
831 3323 923 3385 multa
944 3340 978 3382 ea
998 3322 1098 3383 bieme
1111 3341 1180 3402 pro-

197 3409 208 3459 l
223 3403 300 3487 digia
316 3406 392 3468 lacte
406 3418 469 3478 aut,
488 3408 566 3487 quod
582 3410 701 3468 evenire
716 3404 791 3466 solet
807 3409 895 3467 motis
910 3404 1002 3467 semel
1016 3407 1047 3466 in
1060 3407 1179 3485 religio·

198 3492 293 3544 anem
305 3490 417 3558 animis,
434 3489 523 3550 multa
535 3493 666 3551 nonnata
677 3499 706 3550 et
721 3499 832 3551 temere
843 3490 954 3551 credita
968 3500 1045 3556 sunt.
1061 3492 1093 3549 in
1105 3491 1179 3568 quis,
