2575 4067
304 186 398 230 mae
414 189 492 231 un.
509 188 578 232 aaa.
594 179 620 229 r.
637 177 663 230 o.
682 165 722 251 [a.
738 172 773 234 c.
789 170 850 254 aaa]
994 178 1057 241 26⁷

96 344 249 401 matronae
264 351 354 414 vagae
366 352 421 414 per
435 337 509 407 rias,
525 354 600 417 quae
613 354 721 415 repens
731 336 829 399 clades
840 337 934 400 adlata
945 349 1082 419 quaeret

96 421 214 483 iortuna
240 419 386 479 exercitus
411 426 502 490 esset,
530 418 631 481 obdos
655 427 893 499 percunctantur.
937 431 966 483 et
991 441 1058 485 cum

96 503 259 583 frequentis
280 502 426 563 contionis
446 502 535 563 modo
556 501 642 564 turba
665 505 695 563 in
720 504 872 565 comitium
894 512 924 566 et
945 508 1058 567 curiam

96 603 180 648 versa
194 587 383 663 magistratus
397 594 530 658 uocaret,
553 586 673 647 tandem
694 586 772 647 lraud
787 585 880 648 multo
899 595 967 648 ante
987 587 1084 650 scitse

99 686 233 746 pccasum
249 668 287 729 li.
303 668 484 748 Pomponius
499 678 619 749 praetor
635 676 786 750 „pugna“
807 671 904 749 inquit
925 688 1059 750 „magua

97 754 164 816 victi
186 759 330 820 sumus;“
348 759 379 812 et
399 770 574 833 quamquam
600 753 673 815 nihil
692 755 801 815 certius
816 771 853 815 ex
874 772 909 815 co
927 753 1058 816 auditum

96 844 154 907 est,
173 844 273 897 tamen
290 834 364 896 altars
379 835 416 897 ab
431 834 488 896 alio
503 836 564 916 inpl
583 838 605 898 ti
620 835 789 899 rumoribus
804 836 907 899 domos
924 836 1060 899 referunt

97 918 248 982 consulem
267 936 334 980 cum
352 936 458 997 magna
480 926 563 998 parta
580 922 730 999 copiarum
746 937 879 991 caesum,
902 928 1087 1002 superesset

30 1037 34 1047 ·
95 1021 206 1084 paucos
220 1009 270 1063 aut
289 1002 358 1080 iuga
376 1004 484 1082 passim
505 1021 560 1082 per
578 1003 726 1065 Etruriam
746 1021 864 1083 sparsos
886 1013 938 1067 aut
957 1013 1058 1084 captos

73 1087 76 1092 ’
96 1087 133 1149 ab
148 1087 242 1147 hoste.
272 1094 344 1167 quot
358 1103 441 1147 casus
455 1087 604 1150 exercitus
617 1088 686 1147 victi
707 1086 837 1158 fuerant,
858 1095 903 1150 tot
924 1089 956 1149 in
971 1106 1057 1150 curas
1068 1093 1100 1146 lo

97 1171 242 1250 dispertiti
261 1170 352 1231 animi
379 1187 482 1230 aarum
506 1179 605 1241 erant,
628 1188 755 1251 quorum
777 1172 937 1251 propinqui
958 1171 1013 1232 sub
1027 1171 1059 1233 C.

99 1250 240 1318 Flaminio
255 1251 375 1314 consule
390 1262 577 1325 meruerant,
594 1255 808 1333 ignorantium,
829 1272 904 1335 quae
918 1255 1059 1333 cuiusque

97 1355 218 1398 suorum
241 1337 359 1398 fortuna
374 1344 465 1406 esset;
488 1340 717 1418 necquicquam
739 1338 810 1399 satis
823 1344 938 1398 certum
959 1334 1058 1404 habet,

97 1420 166 1501 quid
187 1429 237 1482 aut
255 1428 355 1500 speret
374 1427 424 1480 aut
445 1421 557 1482 timeat.
599 1430 719 1501 postero
735 1439 769 1482 ac
790 1420 930 1502 deinceps
947 1419 1058 1500 aliquot
1070 1425 1097 1478 ti

97 1504 200 1566 diebus
220 1503 256 1565 ad
281 1510 382 1584 portas
407 1505 502 1565 maior
525 1521 620 1584 prope
643 1503 800 1566 mulierum
821 1524 909 1586 quam
929 1506 1058 1566 uirorum

96 1586 252 1650 mudtitudo
275 1589 370 1659 stetit,
392 1595 443 1648 aut
463 1605 583 1649 suorum
605 1587 733 1666 aliquem
750 1597 801 1649 aut
822 1590 942 1650 nuntios
964 1588 1002 1648 de
1021 1588 1057 1648 iis

97 1671 269 1752 opperiens;
282 1670 558 1733 circumfundebant
595 1690 653 1751 que
664 1671 757 1732 obviis
768 1673 951 1734 sciscitantes
962 1687 1058 1750 neque

97 1754 197 1823 avelli,
218 1755 318 1833 utique
333 1754 369 1816 ab
385 1755 477 1826 notis,
491 1756 665 1835 prinsquam
683 1754 787 1816 ordine
802 1756 901 1817 omnia
920 1755 1057 1835 inquisis-

96 1846 176 1908 sent,
194 1844 339 1920 poterant.
367 1837 438 1898 inda
450 1840 546 1898 varios
557 1838 653 1898 vultus
662 1837 889 1915 digredientium
901 1837 938 1899 al)
949 1838 1059 1899 nuntiis
1069 1843 1102 1894 12

99 1939 249 1992 cerneres,
269 1929 302 1983 ut
316 1922 421 2000 cuique
436 1919 512 1981 laeta
527 1928 577 1982 aut
595 1922 690 1981 tristia
712 1919 937 1986 nuntiabantur.
959 1929 1058 1999 gratu·

97 2005 241 2084 lautisque
262 2013 312 2065 aut
326 2002 504 2066 consolantis
524 2002 719 2065 redeuntibus
736 2001 838 2064 domos
855 2003 1059 2064 circumfusos.

96 2088 272 2151 feminarum
297 2089 457 2167 praecipue
471 2094 502 2148 et
524 2086 631 2165 gaudia
651 2086 778 2167 insignia
796 2093 880 2146 erant
900 2091 930 2144 et
949 2084 1059 2147 luctus:

97 2190 185 2233 unam
206 2173 238 2232 in
259 2172 322 2250 ipsa
344 2178 430 2249 porta
449 2171 551 2249 sospiti
572 2170 632 2230 tilio
654 2170 777 2249 repente
792 2167 919 2229 oblatam
940 2168 973 2227 in
988 2174 1103 2228 oon-12

96 2256 185 2335 plexu
201 2256 264 2316 elus
279 2255 428 2333 expirasse
448 2253 562 2323 ierunt,
588 2253 727 2323 alteram,
751 2253 798 2313 cui
813 2268 894 2312 mors
915 2249 967 2310 tilii
988 2248 1061 2310 falso

96 2340 228 2400 mundata
249 2345 326 2409 erat,
347 2344 489 2399 maestam
512 2337 666 2399 sedentem
682 2336 762 2396 domi
783 2335 821 2396 ad
840 2336 969 2415 primurn
991 2349 1061 2394 con·

97 2429 229 2502 spectum
241 2422 391 2483 redeuntis
402 2419 454 2481 lilii
466 2419 571 2499 gaudio
585 2420 676 2481 nimio
688 2419 892 2481 exanimatam.
924 2423 1058 2478 senatum
1073 2423 1102 2475 14

96 2512 249 2587 praetores
269 2524 323 2585 per
347 2505 410 2566 dies
430 2503 540 2585 aliquot
562 2502 682 2566 aborto
703 2520 797 2583 usque
820 2500 857 2562 ad
878 2500 1062 2562 occidentem

96 2588 189 2650 solem
208 2589 343 2650 incuria
364 2590 494 2650 retinent
519 2585 736 2658 consultantes,
765 2603 893 2667 quonam
914 2584 988 2646 duce
1013 2591 1063 2645 aut

96 2673 189 2752 copiis
201 2670 307 2752 quibus
322 2674 419 2733 resisti
437 2671 597 2733 victoribus
614 2671 722 2733 Poenis
734 2677 844 2750 posset.

160 2754 234 2814 Vlll.
262 2754 437 2835 Priusquam
464 2756 534 2816 satis
559 2762 641 2815 certa
667 2754 789 2816 consilia
815 2761 927 2823 essent,
952 2759 1086 2831 repenst

98 2835 154 2898 alia
183 2834 336 2895 nuntiatur
358 2835 470 2906 clades,
501 2843 641 2915 quattuor
671 2835 751 2895 milia
778 2837 909 2913 equitum
936 2851 1002 2894 cum
1030 2831 1062 2893 C.

99 2917 241 2979 Centenio
258 2925 451 2995 propraetore
463 2920 550 2979 missa
572 2917 611 2978 ad
627 2916 780 2993 conlegam
803 2916 839 2975 ab
855 2913 977 2975 Seruilio
994 2932 1063 2974 con·

97 2998 162 3062 sule
179 3000 209 3059 iu
224 2997 361 3067 Umbria,
386 3017 444 3078 quo
459 3010 527 3079 post
546 3017 679 3080 pugnam
706 2998 743 3060 ad
761 2999 997 3059 Trasumennum
1012 3014 1062 3057 au·

98 3083 188 3145 ditam
204 3088 370 3144 averterant
383 3083 454 3152 iter,
471 3081 507 3142 ab
523 3081 689 3143 Hannibale
706 3082 912 3142 circumventa.
940 3080 1002 3140 eius
1019 3080 1089 3140 rein

98 3168 175 3229 tama
193 3167 273 3227 varie
294 3166 435 3227 homines
446 3164 568 3226 adiecit:
584 3183 657 3246 pars
671 3164 823 3245 occupatis
838 3164 950 3223 maiore
967 3163 1063 3241 aegri·

97 3249 201 3314 tudIne
216 3249 321 3312 animis
337 3248 432 3311 levem
452 3267 489 3310 ex
505 3249 718 3328 conparatione
736 3248 869 3328 priorum
887 3246 996 3307 ducere
1015 3263 1063 3307 re·

98 3343 213 3396 centem
224 3335 356 3415 equitum
367 3335 525 3404 iacturam
538 3349 611 3412 pars
622 3350 684 3394 non
694 3332 738 3402 id,
751 3331 830 3412 quod
838 3330 999 3402 acciderat,
1011 3337 1093 3412 pert

98 3436 131 3480 se
153 3420 325 3490 sesumam,
352 3417 419 3489 sed,
449 3417 532 3478 utin
554 3416 672 3479 adiecto
693 3432 818 3497 corpore
842 3416 973 3496 quamvis
992 3413 1064 3476 levis
