2575 4067
245 250 286 313 68
387 265 482 307 mann
494 264 563 307 vm.
579 251 706 307 00018.
724 251 766 306 19.
782 244 822 325 [a.
837 268 867 306 0.
884 267 910 306 4.
925 252 986 306 423.
998 243 1062 326 424]

247 413 398 494 proditum
409 412 483 474 laiso
498 431 576 484 4444,
592 413 713 474 venenis
725 411 911 490 absumptos,
928 430 1054 493 quorum
1065 429 1146 472 mors
1160 412 1206 473 iu·

214 506 231 558 3
245 497 354 559 10040
368 515 477 558 00000
488 496 655 576 pestilentia
668 497 786 557 iecerit:
801 498 877 558 sicut
890 496 1027 577 proditur
1036 507 1136 557 tamen
1146 513 1207 567 res,

215 591 232 641 4
248 599 286 643 04
302 583 350 642 401
366 588 519 642 auctorum
537 581 625 641 fidem
640 579 858 658 abrogaverim,
874 580 1048 661 exponenda
1062 587 1115 641 441.
1139 597 1209 640 000

246 667 393 746 primores
406 665 528 726 civitatis
544 664 690 726 similibus
701 664 813 725 morbis
824 663 986 744 eodemque
996 665 1091 725 lerme
1102 680 1209 724 omnes

246 757 352 811 eventu
365 756 571 817 morerentur,
588 746 695 810 ancilla
710 748 852 825 quaedam
873 748 910 809 ad
925 748 960 820 0.
978 747 1101 810 Fabium
1115 747 1209 808 blaxi-

245 852 325 895 mum
346 831 472 894 aedilem
493 832 625 894 curulem
642 831 837 893 indicaturam
859 850 892 893 se
924 848 1041 893 causam
1071 829 1210 910 publicae

245 918 336 997 pestis
345 915 478 997 professa
491 925 549 988 est,
562 917 588 977 si
600 915 636 977 ab
649 915 768 977 eolides
781 915 838 977 sibl
849 915 916 977 data
929 923 1018 985 esset,
1034 914 1113 975 baud
1128 913 1209 976 iutu-

214 1008 231 1058 0
246 1020 312 1062 rum
329 1002 435 1061 noxiae
449 998 600 1061 10114100.
629 998 738 1061 Fabius
752 1000 907 1061 confestim
925 1017 990 1060 rem
1004 998 1041 1061 ad
1059 998 1208 1070 consules,

246 1083 436 1147 0004014401
454 1091 589 1146 senatum
611 1083 761 1151 relerunt,
787 1101 992 1164 consensuque
1006 1082 1120 1144 ordinis
1133 1082 1210 1144 11144

214 1170 335 1230 4101141
363 1169 438 1229 1010.
474 1177 537 1230 tum
559 1166 737 1248 patefactum
764 1167 903 1229 mullebri
929 1166 1033 1229 fraude
1060 1167 1209 1228 civitatem

246 1255 340 1332 premi
361 1261 569 1333 matronasque
594 1271 629 1313 ea
643 1269 756 1313 venena
773 1269 915 1332 coquere,
937 1259 981 1323 41,
1002 1253 1028 1312 41
1052 1252 1135 1330 sequi
1156 1269 1208 1312 ex·

214 1344 229 1391 7
245 1337 354 1417 140014
368 1335 468 1409 velint,
483 1336 640 1398 manifesto
653 1334 835 1415 deprehendi
846 1353 942 1415 posse.
970 1337 1063 1396 440011
1077 1334 1208 1397 indicem

246 1431 276 1482 et
293 1422 445 1501 coquentis
462 1420 602 1500 quasdam
623 1419 839 1482 medicamenta
858 1430 888 1480 et
909 1418 1061 1480 recondita
1083 1418 1139 1479 alia
1160 1420 1209 1479 10-

213 1511 230 1561 4
245 1513 398 1566 venerunt.
429 1504 535 1582 quibus
551 1505 583 1563 in
600 1504 699 1565 10100
714 1503 817 1565 delatis
834 1511 863 1564 et
882 1503 919 1564 ad
936 1503 1039 1581 viginti
1054 1503 1206 1573 matronis,

246 1588 324 1668 apud
345 1605 417 1667 quas
439 1587 623 1667 deprebensa
644 1595 743 1658 erant,
765 1605 820 1667 per
834 1588 985 1649 ,tiatorem
1000 1587 1115 1657 accitis,
1131 1585 1210 1649 duae

247 1689 282 1731 ex
297 1673 339 1730 eis
355 1669 490 1732 Cornelia
510 1689 544 1731 ac
562 1670 679 1749 Sergia,
703 1673 844 1750 patriciae
865 1679 990 1750 utraque
1010 1671 1119 1749 gentis,
1137 1688 1209 1732 cum

247 1772 281 1815 40
292 1753 506 1816 medicamenta
517 1753 645 1816 salubria
659 1773 723 1816 esse
734 1754 964 1824 contenderent,
982 1753 1019 1815 ab
1034 1753 1209 1815 confutante

245 1837 343 1898 indice
356 1836 460 1898 bibere
474 1838 585 1909 iussae,
608 1846 642 1899 ut
655 1856 688 1899 se
704 1837 810 1900 laisum
824 1845 1023 1900 commentam
1037 1847 1208 1916 arguerent,

213 1930 229 1981 9
246 1923 340 2002 400110
356 1920 393 1982 01
407 1920 645 2002 conloquendum
661 1929 778 2001 sumpto
801 1939 868 1984 cum
889 1929 1036 1983 summoto
1050 1920 1160 2002 000010
1175 1924 1209 1983 10

246 2012 406 2084 conspectu
421 2007 552 2067 omnium
566 2024 631 2068 rem
649 2006 685 2067 ad
711 2013 824 2068 ceteras
844 2005 1040 2075 rettulissent,
1055 2005 1135 2067 baud
1154 2005 1207 2067 ab·

245 2088 403 2151 nuentibus
418 2097 448 2150 et
458 2088 515 2151 illis
529 2089 648 2163 bibere,
666 2099 754 2170 epoto
765 2090 982 2152 medicamento
995 2096 1111 2151 suamet
1124 2091 1209 2169 ipsae

205 2181 236 2233 io
246 2173 350 2235 fraude
366 2192 469 2235 omnes
485 2175 670 2237 interierunt.
702 2175 924 2254 conprehensae
939 2172 1086 2253 extemplo
1102 2191 1207 2236 earum

246 2260 369 2320 comites
386 2276 526 2337 magnum
540 2278 696 2320 numerum
714 2266 917 2320 matronarum
931 2256 1150 2329 indicaverunt;
1171 2276 1208 2320 ex

201 2342 350 2421 liquibus
366 2342 402 2403 ad
418 2352 537 2404 040100
555 2344 741 2423 septuaginta
755 2340 919 2403 damnatae.
951 2359 1048 2421 neque
1063 2341 1100 2404 de
1116 2359 1204 2404 vene·
1283 2353 1284 2428 g

244 2426 317 2486 110114
338 2434 406 2486 ante
429 2444 493 2486 400
515 2427 593 2487 1140
612 2427 723 2487 Rornae
746 2427 910 2506 quaesitum
934 2434 987 2486 est.
1023 2424 1152 2505 prodigii
1171 2444 1207 2487 ea
1283 2491 1284 2494 ,

245 2527 293 2568 res
309 2509 374 2568 loco
388 2507 502 2579 habita,
520 2512 670 2589 captisque
681 2511 776 2587 magis
787 2509 936 2571 mentibus
950 2526 1038 2589 quam
1054 2509 1206 2571 conscele-

204 2600 235 2649 12
247 2592 318 2651 ratis
333 2589 437 2650 similis
447 2593 516 2652 visa.
538 2594 637 2671 itaque
654 2595 797 2654 memoria
813 2611 849 2654 ex
865 2593 1019 2655 annalibus
1035 2595 1162 2673 repetita
1174 2594 1206 2654 in

247 2672 462 2734 secessionibus
480 2676 628 2755 quondam
647 2676 741 2755 plebis
763 2676 875 2739 clavum
893 2678 930 2738 ab
947 2677 1091 2738 dictatore
1104 2678 1207 2747 dxunr,

245 2755 443 2837 alienatasque
458 2757 603 2821 discordia
618 2770 733 2822 mentes
743 2761 898 2822 bominum
913 2779 948 2821 40
962 2760 1079 2841 0104010
1094 2779 1206 2841 conpo-

244 2848 289 2901 tes
300 2842 346 2902 sui
359 2841 474 2912 iecisse,
487 2842 660 2906 dictatorem
672 2844 745 2907 clavi
756 2845 866 2923 figendi
878 2863 966 2906 causa
978 2847 1075 2906 creari
1084 2844 1205 2926 placuit.

204 2925 434 2988 mereatusne.
455 2926 630 2999 Quinctilius
650 2930 823 3007 magistrum
851 2930 982 3009 equitum
1000 2928 1034 2990 L.
1056 2928 1206 2991 Valerium

244 3009 331 3080 dixit,
348 3012 398 3090 qui
412 3011 470 3072 lixo
484 3011 566 3074 clavo
582 3013 756 3090 magistratu
771 3030 804 3073 se
819 3012 1039 3074 abdicaverunt.

214 3100 227 3150 1
305 3094 380 3155 xlx.
426 3095 522 3156 Creati
539 3094 674 3156 consules
689 3095 721 3156 L.
737 3095 871 3175 Papirius
895 3096 1017 3158 Crassus
1046 3097 1154 3158 iterum
1169 3096 1204 3158 L.

242 3176 373 3239 Plautius
396 3180 505 3239 Venox.
547 3180 630 3240 cuius
649 3180 795 3259 principio
821 3182 890 3241 anni
916 3181 1004 3259 legati
1032 3198 1067 3241 ex
1091 3179 1205 3242 Volscis

244 3261 419 3323 Fabraterni
431 3271 460 3324 et
470 3263 582 3325 Lucani
594 3263 718 3326 Romam
729 3272 873 3325 venerunt
887 3274 1015 3335 orantes,
1030 3265 1104 3326 utin
1114 3263 1204 3326 iidem

211 3354 228 3399 2
243 3347 463 3426 reciperentur:
481 3350 505 3409 41
521 3366 538 3408 0
554 3348 728 3410 Samnitium
743 3350 832 3410 armis
846 3348 960 3410 defensi
972 3357 1083 3419 essent,
1100 3368 1132 3410 se
1148 3347 1204 3409 sub

243 3429 368 3507 imperio
382 3429 483 3509 populi
494 3432 619 3493 Romani
635 3432 761 3493 fideliter
774 3441 861 3512 atque
873 3431 1066 3493 oboedienter·
1076 3433 1204 3495 iuturus.

210 3511 324 3571 3001441
346 3519 408 3573 100
431 3514 467 3574 ab
488 3522 591 3576 senatu
619 3514 708 3594 legati
728 3516 990 3597 denuntiatumque
1012 3515 1204 3578 Samnitibus.
