2575 4067
247 211 289 276 30
401 225 495 268 111111
507 225 563 266 vu.
581 226 649 267 cur.
664 209 763 265 21111.
780 210 819 261 30.
841 200 876 283 [a.
900 222 927 264 u.
947 222 970 263 o.
990 199 1050 279 111]

248 371 336 435 ambo
356 374 473 454 patricii
495 371 631 433 consules
657 372 749 432 creati
768 380 850 439 sunt,
879 369 918 431 lll.
947 366 1080 430 Valerlus
1098 367 1214 429 11111111

248 457 369 518 tertium
386 460 419 518 Α.
437 456 591 518 Cornelius
606 456 723 519 Cossus.

223 549 236 599 1
309 538 411 603 XXIX,
444 540 555 601 Maiora
577 542 635 602 iam
657 540 727 600 hinc
750 536 827 600 bella
851 543 881 597 et
903 537 1014 598 viribus
1035 535 1167 597 hostium
1182 544 1216 597 et

248 621 462 704 longinquitate
477 623 523 685 vel
537 627 694 703 regionum
704 621 750 684 vel
764 631 932 701 temporum
947 618 1087 703 [spatio],
1104 618 1215 699 quibus

248 705 389 769 bellatum
405 715 463 778 est,
480 707 625 770 dicentur.
656 724 784 787 namque
799 723 834 766 eo
850 721 927 767 anno
943 704 1082 766 adversus
1094 704 1215 766 Senoni-

219 798 306 859 ates,
328 801 447 870 gentem
464 790 569 871 opibus
586 793 734 871 murisque
751 788 889 858 validam,
912 796 992 850 mota
1006 806 1102 857 arma;
1127 788 1216 849 Sam-

249 877 354 937 nitium
370 874 480 937 bellum
499 876 620 955 ancipiti
634 876 728 936 Marte
749 880 863 953 gestum
880 874 991 952 Pyrrus
1010 873 1117 943 hostis,
1139 871 1216 950 Pyr-

249 978 316 1022 rum
332 958 425 1021 Poenl
448 959 551 1021 secuti.
581 966 690 1039 quanta
711 976 812 1021 rerum
829 955 936 1018 moles!
957 957 1093 1037 quotiens
1114 956 1146 1015 in
1162 971 1216 1016 ex·

249 1051 345 1104 trema
367 1041 568 1124 periculorum
592 1050 726 1112 ventum,
754 1049 789 1103 ut
813 1042 845 1103 ln
870 1041 948 1102 hano
967 1039 1213 1120 magnitudinem,

222 1133 325 1205 tquae
339 1128 386 1188 rix
402 1127 576 1198 sustinetur,
601 1128 675 1206 erigi
694 1127 853 1207 imperium
873 1126 986 1205 posset!
1020 1122 1091 1185 belli
1113 1131 1213 1184 autern

251 1228 338 1272 causa
362 1229 428 1273 cum
446 1211 626 1274 Samnitibus
640 1211 795 1282 Romanis,
821 1226 888 1272 cum
909 1210 1048 1270 societate
1069 1207 1213 1269 amicitia·
1280 1227 1281 1232 ¹

252 1312 310 1375 que
335 1296 427 1356 iuncti
441 1303 554 1366 essent,
575 1296 759 1357 extrinsecus
777 1295 869 1364 venit,
886 1310 947 1355 nou
961 1300 1026 1354 orta
1039 1294 1119 1353 inter
1131 1292 1215 1371 ipsos

222 1386 304 1441 1111.
339 1379 485 1440 Samnites
506 1378 643 1441 Sidicinis
669 1380 777 1441 iniusta
799 1395 894 1447 arma,
920 1379 988 1457 quia
1013 1374 1123 1436 viribus
1146 1373 1216 1456 plus

250 1468 401 1542 poterant,
425 1479 493 1523 cum
507 1462 690 1534 intulissent,
713 1462 807 1524 coacti
821 1463 925 1541 inopes
939 1460 976 1522 ad
994 1458 1215 1540 opulentiorum

223 1544 392 1607 §amilium
409 1545 583 1623 confugere,
601 1547 757 1627 Campanis
771 1563 836 1607 sese
851 1545 1043 1623 coniungunt.
1073 1542 1215 1623 Campani

251 1630 344 1706 magis
367 1645 478 1690 nomen
502 1630 538 1690 ad
564 1631 744 1711 praesidium
768 1630 917 1691 sociorum
938 1646 1026 1709 quam
1046 1628 1124 1687 vires
1144 1644 1215 1687 cum

252 1712 432 1782 attulissent,
455 1712 578 1774 fluentes
599 1713 671 1776 luxu
688 1713 725 1776 ab
742 1714 853 1776 duratis
872 1730 928 1774 usu
949 1729 1101 1773 armorum
1120 1709 1216 1772 1181-

252 1794 348 1858 dicino
368 1794 446 1876 pulsi
469 1813 555 1875 agro,
579 1800 609 1859 in
629 1816 662 1858 se
678 1797 785 1859 delnde
800 1794 909 1858 molem
926 1813 1045 1858 omnem
1062 1792 1134 1856 belli
1148 1812 1216 1856 ver·

224 1884 361 1941 6111111.
395 1897 522 1960 namque
538 1880 685 1943 Samnites
706 1883 823 1943 omlssis
837 1880 974 1943 Sidicinis
995 1881 1088 1959 ipsam
1114 1895 1216 1940 arcem

252 1963 444 2024 finitimorum
466 1964 630 2044 Campanos
653 1964 763 2036 adorti,
791 1965 872 2028 unde
895 1982 987 2045 aeque
1007 1961 1102 2024 facilis
1122 1964 1212 2023 victo·

254 2048 311 2119 ria,
333 2045 461 2127 praedae
479 2055 567 2128 atque
586 2046 697 2129 gloriae
711 2047 778 2129 plus
797 2057 890 2120 esset,
911 2049 1021 2118 Tilata,
1042 2047 1216 2109 inminends
1281 2047 1282 2050 ’

253 2130 369 2212 Capuae
384 2129 481 2204 collis,
506 2149 573 2195 cum
591 2133 739 2214 praesidio
757 2134 842 2195 firmo
857 2138 1064 2213 occupassent,
1091 2130 1217 2191 descen·

254 2215 326 2278 dunt
347 2214 416 2277 inde
438 2216 581 2296 quadrato
604 2219 721 2296 agmine
743 2219 775 2279 in
796 2216 962 2298 planitiem,
987 2233 1061 2295 quae
1085 2215 1217 2295 Capuam
1281 2215 1282 2292 g

225 2301 407 2381 tlilataque
422 2301 587 2363 interiacet.
617 2302 660 2363 ibi
673 2320 778 2364 rursus
793 2302 857 2363 acle
875 2300 1060 2368 dimicatum
1076 2298 1217 2360 adverso·

253 2403 310 2465 que
327 2381 443 2464 proelio
461 2384 603 2465 Campanl
618 2386 696 2446 intra
710 2388 829 2447 moenia
846 2384 995 2465 conpulsi,
1021 2401 1088 2444 cum
1104 2381 1218 2444 robore

251 2468 411 2530 iuventutis
430 2484 500 2527 suae
523 2469 620 2529 acciso
638 2467 719 2530 nulla
738 2470 907 2549 propinqua
926 2486 994 2550 spes
1009 2475 1099 2538 esset,
1121 2466 1218 2528 coacti

252 2548 372 2610 suntab
387 2548 528 2610 Romanis
545 2559 649 2631 petere
666 2551 815 2614 auxilium.

225 2641 239 2692 1
312 2632 401 2694 XXX.
430 2631 532 2712 Legati
553 2635 713 2698 introducti
736 2638 767 2697 in
789 2645 924 2698 senatum
938 2636 1065 2697 maxime
1086 2635 1117 2695 in
1138 2633 1219 2694 hano

253 2715 430 2778 sententiam
450 2716 543 2779 locuti
565 2728 649 2782 sunt:
671 2720 825 2802 „populus
845 2739 900 2783 nos
915 2720 1081 2800 Campanus
1103 2716 1219 2795 legatos

254 2800 291 2862 ad
307 2817 374 2871 vos,
390 2807 490 2880 patres
509 2806 683 2886 conscripti,
705 2808 785 2868 misit
798 2806 956 2867 amicitiam
975 2806 1006 2864 in
1028 2808 1217 2883 perpetuum.

225 2883 393 2947 taurilium
417 2903 559 2965 praesens
585 2910 601 2951 a
626 2890 709 2952 robis
736 2892 869 2971 petitum.
915 2905 1003 2969 111111
1029 2888 1054 2946 11
1077 2885 1217 2947 secundis

253 2969 343 3032 rebus
359 2972 469 3032 nostrls
490 2974 681 3053 petissemus,
705 2976 780 3036 sicut
797 2982 900 3054 coepta
915 2970 1055 3043 celerius,
1078 2971 1118 3031 111
1133 2969 1217 3029 indr-

253 3056 348 3117 mlore
372 3054 490 3117 vinculo
522 3065 672 3119 contracta
695 3066 782 3119 esset.
826 3065 896 3120 tuuc
921 3058 1016 3127 enim,
1043 3062 1076 3116 ut
1102 3054 1154 3133 qui
1180 3070 1218 3114 ex

253 3158 347 3221 aequo
374 3157 429 3201 nos
458 3141 572 3203 ventsse
596 3142 628 3201 in
657 3142 814 3202 amicitiam
844 3142 1096 3209 meminissemus,
1126 3137 1217 3197 111111

253 3224 377 3286 forsitan
401 3224 514 3304 pariter
538 3242 573 3286 11
595 3242 688 3296 nunc,
720 3224 844 3287 subiecti
869 3233 958 3305 atque
983 3221 1104 3285 obnoxii
1131 3219 1217 3281 vobis

226 3309 511 3380 amtnusessomus;
540 3327 632 3381 nunc,
650 3308 854 3371 misericordia
865 3316 962 3370 vestra
974 3306 1121 3370 conciliati
1131 3304 1215 3365 auxi·

253 3389 351 3471 licque
373 3393 405 3453 ln
420 3391 516 3455 dubiis
530 3392 620 3455 rebus
635 3393 764 3465 dolensi,
784 3392 962 3456 beneficium
976 3409 1094 3473 quoque
1110 3404 1214 3468 accep·

252 3482 317 3535 tum
332 3471 462 3538 colamus
482 3484 612 3558 oportet,
636 3496 675 3538 ne
695 3479 804 3558 ingrati
824 3485 912 3558 atque
932 3477 1014 3540 omnl
1034 3492 1091 3555 ope
1116 3469 1214 3533 divim
