2575 4067
236 243 296 306 128
382 209 474 298 nmen
489 258 532 299 11.
557 257 625 297 444.
641 244 683 295 34.
698 243 742 296 ³2.
761 235 801 316 [4.
816 259 847 297 u.
864 257 890 296 4.
906 243 967 294 443.
983 238 1045 316 444]

195 414 226 465 it
236 404 383 485 sedquem
395 422 459 466 esse
470 406 528 465 iam
541 404 640 465 virtuti
651 404 800 465 Romanae
810 401 1067 481 inexpugnabilem
1077 400 1194 464 1444441

238 487 411 567 Fregellana
425 506 477 550 arx
495 488 666 567 Soranaque
683 495 713 547 et
727 485 907 564 ubicumque
917 487 1014 565 iniquo
1026 504 1194 547 successum

196 581 226 631 14
238 580 301 634 4444
318 570 384 632 1444
399 571 649 633 memorabantur.
681 571 729 632 his
747 586 889 630 44444444
901 568 988 630 miles
1001 571 1134 630 emnium
1147 571 1194 629 tn·

235 674 349 717 memor
367 654 581 716 difficultatium
595 654 676 715 444114
689 652 829 715 adversus
849 653 1043 714 inminentem
1064 653 1194 713 hostium

236 741 339 805 aciem.
368 739 411 799 ibi
424 738 544 818 paulum
560 736 671 799 laboris
685 737 753 807 init,
779 737 850 797 dum
871 738 902 797 in
918 736 1072 796 adversum
1088 735 1193 797 ebrum

196 831 226 884 15
239 826 361 902 erigitur
371 840 491 901 agmen:
506 829 648 893 44444444,
666 828 821 901 postquam
835 821 932 900 prima
945 820 1028 897 signa
1041 819 1195 898 planitiem

235 924 379 968 summam
394 913 545 985 ceperunt,
567 907 717 985 sensitque
732 905 810 965 acies
825 921 920 983 aeque
936 904 1040 964 seiam
1054 904 1195 964 1444141444

235 988 310 1060 1444,
323 1008 425 1051 versus
438 988 584 1068 extemplo
598 997 644 1051 444
656 996 755 1049 terror
767 990 799 1047 in
812 987 1005 1056 insidiatores,
1019 986 1195 1067 easdemque

237 1072 380 1146 latebras,
396 1072 504 1153 quibus
517 1092 550 1133 se
564 1072 651 1152 paulo
665 1079 734 1134 44444
749 1078 897 1140 texerant,
913 1069 1003 1150 palati
1016 1078 1105 1150 atque
1114 1072 1195 1130 iner-

196 1166 227 1215 44
238 1176 300 1218 mes
324 1158 393 1236 iupa
421 1156 603 1237 repetebant.
643 1155 696 1217 sed
718 1154 783 1215 1444
809 1153 1039 1215 1114141114144441
1064 1156 1195 1233 quaesita

236 1244 316 1321 ipsos
329 1250 393 1303 tum
408 1259 461 1302 sua
480 1240 585 1302 1444414
598 1238 798 1320 inpediebant.
833 1238 932 1317 itaque
948 1254 1019 1314 ergo
1038 1240 1195 1317 perpaucis

238 1325 379 1402 effugium
402 1326 509 1404 patuit;
531 1341 616 1385 caesa
630 1322 669 1384 ad
691 1323 793 1401 riginti
806 1320 887 1383 milia
903 1320 1071 1391 hominum,
1087 1322 1194 1382 rietur·

237 1427 294 1489 que
308 1410 457 1470 Romanus
472 1408 508 1470 ad
522 1407 651 1470 oblatam
668 1406 705 1468 ab
719 1405 804 1466 144444
816 1404 959 1483 praedam
975 1421 1118 1481 pecorum
1136 1405 1193 1464 riis·

238 1494 340 1553 currit.

210 1578 224 1628 l
301 1573 416 1635 xxxn.
448 1574 524 1634 Dum
545 1573 619 1633 baeu
640 1580 784 1653 geruntur
806 1573 837 1632 in
854 1571 987 1642 Samnio,
1009 1573 1068 1633 iam
1091 1590 1194 1633 444444

237 1657 373 1717 Etruriae
387 1656 489 1737 populi
502 1663 619 1736 praeter
633 1658 786 1717 Arretinos
811 1655 849 1715 ad
866 1673 946 1716 arma
961 1656 1070 1727 ierant,
1087 1654 1123 1717 ab
1142 1674 1194 1735 ep·

238 1740 395 1819 pugnando
412 1741 525 1811 Sutrio,
548 1757 623 1819 quae
638 1739 710 1801 urbs
724 1741 804 1800 seeia
817 1739 957 1800 Romanis
973 1738 1052 1800 reiut
1067 1738 1194 1801 chestre
1216 1751 1220 1758 '

211 1824 373 1884 4114444144
391 1832 467 1893 erat,
483 1824 588 1900 ingens
602 1825 662 1884 4441
676 1821 797 1886 bellum.
828 1840 864 1883 44
879 1821 953 1883 41444
967 1821 1121 1884 censurium
1137 1824 1194 1883 Ae·

238 1905 336 1968 mitius
351 1924 418 1967 44444
431 1907 562 1967 exercitu
577 1906 614 1967 ad
628 1906 797 1972 liberandos
819 1905 973 1967 obsidione
989 1908 1085 1968 444144
1104 1907 1193 1967 venit

239 1990 460 2051 advenientibus
474 1990 614 2051 Roman'n
631 1990 744 2051 Sutrini
761 1997 942 2050 commeatus
954 1989 1083 2069 benigne
1096 1990 1128 2049 in
1145 2007 1193 2050 ea·

212 2081 298 2134 34444
320 2082 388 2135 ante
407 2074 511 2135 urbem
532 2075 627 2153 posita
648 2073 800 2136 advexere.
833 2072 951 2133 Etrusei
970 2072 1048 2134 diem
1064 2075 1193 2152 primum

125 2221 132 2240 f
239 2157 440 2229 consultando,
456 2165 638 2219 maturarent
648 2157 839 2219 traherentne
850 2154 969 2226 beilum,
991 2156 1193 2217 traduxerunt.

241 2250 362 2322 postero
377 2242 439 2313 die,
454 2241 506 2302 ubi
520 2240 663 2302 celeriora
674 2258 761 2319 quam
775 2240 883 2300 tutiora
897 2238 1018 2299 consilia
1028 2241 1121 2316 magis
1131 2238 1194 2317 pla·

240 2343 328 2387 44444
344 2325 481 2394 ducibus,
498 2323 562 2386 4414
581 2332 647 2385 orto
663 2325 779 2401 sigmnn
797 2340 914 2401 pugnae
935 2325 1119 2402 propesitum
1139 2332 1193 2393 est,

211 2412 404 2489 narmauque
425 2410 456 2468 in
478 2408 572 2468 aciem
591 2407 765 2487 procedunt
802 2405 881 2483 quod
904 2413 1058 2486 postquam
1078 2404 1191 2467 44444411

239 2494 404 2553 4444144444
419 2499 480 2561 444,
497 2489 644 2569 extemplo
660 2499 800 2556 tesseram
812 2487 876 2549 dari
890 2489 985 2560 iubet,
1003 2499 1036 2551 ut
1049 2488 1192 2569 prandeat

239 2573 324 2634 miles
339 2575 517 2652 4444414444
531 2573 598 2632 cibe
615 2573 725 2634 viribus
740 2591 822 2634 arma
837 2574 941 2653 capiat.
970 2573 1047 2633 dicto
1060 2579 1192 2653 paretur.

214 2657 344 2716 5444441
362 2656 414 2716 ubi
432 2664 561 2716 armatos
580 2663 757 2736 paratosque
776 2656 859 2726 vidit,
880 2658 964 2735 signa
984 2667 1067 2718 444444
1086 2654 1194 2739 vallum

239 2738 368 2817 preferri
382 2740 466 2799 iussit
480 2747 510 2799 et
526 2739 604 2800 haud
620 2738 725 2819 proenl
747 2738 831 2800 hoste
850 2742 989 2801 instruxit
1008 2739 1113 2815 aciemn
1141 2738 1194 2800 411-

241 2823 379 2903 quamdiu
393 2823 498 2884 intenti
512 2824 659 2902 utrimque
670 2830 816 2885 steterunt
825 2831 1031 2903 expectantes,
1050 2829 1082 2884 ut
1092 2822 1130 2884 ab
1142 2823 1193 2883 ad·

211 2906 501 2969 64444441144144444
519 2915 550 2969 44
565 2926 664 2988 pugna
677 2909 835 2987 inciperet;
860 2915 891 2968 et
909 2908 993 2987 prius
1010 2905 1055 2970 sol
1070 2905 1195 2967 meridie

240 3010 272 3053 se
281 2992 440 3063 inelinavit,
452 3011 540 3071 quam
551 2991 642 3054 telum
655 2992 724 3052 hine
736 3001 785 3053 444
796 2989 877 3051 illine
889 2991 1028 3052 4444144444
1041 2998 1094 3051 444
1115 2989 1193 3062 inde,

240 3094 277 3135 ne
291 3077 400 3137 1414444
413 3094 446 3136 44
461 3076 606 3146 abiretur,
628 3074 740 3137 41444444
764 3075 801 3137 ab
816 3075 948 3137 numen
961 3075 1070 3145 uritur,
1096 3073 1189 3134 cenci

212 3168 370 3240 44444444
381 3158 470 3220 tubae
482 3167 511 3218 44
523 3161 607 3237 signa
620 3159 798 3221 1414444444.
826 3177 881 3221 444
891 3160 1011 3237 segnius
1026 3157 1192 3219 4114444414

240 3262 337 3322 pugna
352 3245 452 3304 initur.
478 3252 661 3304 concurrunt
670 3243 794 3324 infensis
811 3244 931 3312 animis;
948 3258 1073 3304 numero
1090 3242 1192 3312 bestia,

211 3328 345 3387 84144444
357 3327 506 3387 Romanus
520 3337 654 3406 superat;
676 3345 784 3407 anceps
803 3327 950 3406 proelium
966 3324 1075 3386 4441444
1088 3326 1194 3385 4441444-

240 3426 296 3485 que
311 3417 340 3469 et
355 3410 545 3471 fortissimum
562 3430 708 3491 quemque
721 3410 863 3482 absumit,
884 3428 941 3471 444
954 3412 1038 3488 prius
1054 3407 1195 3468 inclinata

239 3508 287 3549 res
302 3501 361 3559 est,
378 3510 466 3570 quam
481 3494 611 3554 secunde
626 3497 704 3555 44144
719 3495 850 3555 Romana
869 3493 907 3555 ad
920 3495 1017 3574 prima
1029 3493 1131 3570 signa,
1148 3493 1196 3551 in·
