2575 4067
258 242 343 284 crem
357 241 446 286 xxm.
469 229 596 285 our.1d.
614 232 654 283 17.
672 221 714 303 [a.
731 224 765 286 O.
781 223 845 306 216]
971 221 1035 288 335

71 409 161 472 wem
175 392 206 452 ln
222 392 316 452 muris
329 398 422 461 esset;
444 396 526 450 ratus
540 390 649 451 deiude
663 390 780 469 prodita
795 391 951 472 camoqula
965 410 1030 456 esse
1043 397 1074 451 ii

72 482 213 554 metuque
228 476 343 536 resides
356 474 461 545 iactos,
476 481 592 553 partem
606 474 733 536 militurn
748 477 781 535 in
791 483 888 537 castra
898 479 1033 555 remittit,

72 561 170 619 iussos
185 576 312 639 propere
333 558 506 637 adparatum
526 574 645 619 omnem
664 559 878 638 oppugnandae
899 559 1034 622 urbisin

72 643 200 723 primam
215 643 310 703 aciem
326 641 453 711 adferre,
469 642 541 702 satis
555 642 659 713 fidens,
680 645 706 703 si
721 641 929 704 cunctantibus
944 646 1035 705 insta·

73 733 129 797 ret,
146 726 303 787 tumultum
318 725 447 805 aliquem
460 728 493 786 in
508 724 582 785 urbe
598 723 716 805 plebem
731 733 889 788 moturam.
920 727 990 787 dum
1004 729 1036 787 ln
1046 732 1078 783 12

73 827 127 871 sua
147 811 272 889 quisque
294 810 461 870 ministeria
481 808 618 872 discursu
639 811 770 890 trepidat
790 811 826 872 ad
841 813 938 890 prima
953 813 1034 887 signa

74 892 267 971 succeditque
282 891 319 952 ad
334 909 435 952 muros
451 895 544 963 acies,
561 895 706 972 pateiacta
722 902 845 974 repente
860 903 945 974 porta
960 893 1037 954 Mar·

76 976 168 1037 nebus
182 977 266 1052 signa
282 992 388 1036 canere
404 975 620 1056 clamoremque
635 977 699 1038 tolli
715 996 749 1038 ac
764 976 882 1058 pedites
896 980 1036 1057 primum,

45 1106 48 1110 Δ
75 1058 184 1121 deinde
200 1060 325 1139 equites,
344 1068 455 1139 quanto
469 1061 598 1121 maximo
612 1070 734 1139 possent
747 1064 861 1141 impetu
875 1064 907 1122 in
921 1062 1038 1124 hostem

76 1160 234 1222 erumpere
248 1140 342 1204 iubet.
373 1145 446 1204 satis
461 1145 587 1205 terroris
601 1144 802 1224 tumultusque
820 1148 852 1206 in
867 1147 962 1207 aciem
977 1163 1038 1206 me·
1048 1149 1082 1202 le

75 1228 155 1288 diam
180 1226 356 1296 intulerant,
386 1244 454 1287 cum
480 1227 595 1289 duabus
622 1230 703 1288 eirca
729 1229 825 1308 portis
849 1229 881 1290 P.
904 1229 1038 1290 Valerius

77 1310 201 1373 Flaccus
221 1317 252 1370 et
270 1310 302 1372 C.
318 1310 457 1371 Aurelius
470 1309 561 1388 legati
574 1314 607 1372 in
621 1329 733 1373 cornua
752 1311 883 1373 hostium
902 1329 1037 1391 erupere,

76 1393 219 1455 addidere
240 1392 400 1454 clamorem
419 1393 497 1453 lixae
518 1394 694 1475 calonesque
715 1403 745 1456 et
766 1395 822 1456 alia
837 1394 926 1457 turba
940 1401 1082 1456 custo-14

78 1479 142 1543 diae
168 1476 439 1556 inpedimentorum
465 1478 612 1556 adposita,
647 1486 680 1539 ut
706 1481 885 1558 paucitatem
912 1479 1040 1540 maxime

77 1559 288 1641 spernentibus
307 1560 416 1621 Poenis
442 1562 572 1638 ingentis
591 1569 716 1641 repente
738 1565 888 1624 exercitus
908 1564 1040 1643 speciem

78 1646 192 1706 lecerit.
218 1646 267 1705 vix
278 1644 416 1724 equidem
431 1645 527 1706 ausim
537 1645 701 1716 adfirmare,
718 1646 928 1727 quodquidam
940 1650 1081 1707 aucto-15

78 1746 127 1791 res
148 1733 232 1798 sunt,
263 1728 320 1788 duo
342 1728 424 1788 milia
445 1735 476 1788 ct
497 1732 684 1807 octingentos
704 1730 834 1792 bostium
856 1748 959 1792 caesos
979 1747 1040 1791 non

78 1812 144 1894 plus
163 1813 335 1891 quingentis
348 1810 548 1872 Romanorum
569 1814 696 1874 amissis.
725 1814 778 1875 sed
799 1816 861 1875 sire
880 1822 961 1877 tanta
977 1815 1038 1875 sive
1050 1818 1080 1871 lt

77 1897 176 1957 minor
186 1897 313 1957 rictorIa
327 1895 392 1965 luit,
408 1896 515 1971 ingens
530 1912 565 1955 ec
580 1894 629 1955 die
644 1913 694 1955 res
705 1914 738 1957 ac
749 1900 851 1957 neseio
863 1916 900 1958 an
911 1900 1040 1958 maxima

77 1980 130 2041 illo
145 1979 222 2040 bello
237 1986 320 2056 gesta
335 1979 384 2048 sit,
400 1995 460 2039 non
474 1980 554 2038 vinci
570 1980 649 2038 enirn
665 1976 702 2038 ab
714 1978 879 2039 Hannibale
894 1981 1039 2040 vincenti·

78 2063 134 2124 bus
149 2062 300 2124 diiiicilius
313 2062 385 2137 luit,
403 2080 491 2141 quam
505 2068 608 2142 postea
622 2062 754 2122 vincere.

141 2145 230 2207 xvii.
268 2144 417 2206 Hannibal
441 2162 494 2225 spe
521 2145 681 2225 potiundae
701 2144 792 2205 Nolae
816 2140 951 2224 adempta
974 2150 1064 2205 cumi

78 2232 204 2292 Acerras
219 2231 408 2300 recessisset,
425 2228 580 2290 Marcellus
595 2228 742 2308 extemplo
757 2228 866 2289 clausis
880 2230 976 2308 portis
989 2244 1040 2288 cu·

78 2312 271 2393 stodibusque
286 2312 451 2392 dispositis,
472 2331 511 2373 ne
526 2314 594 2392 quis
608 2312 816 2390 egrederetur,
837 2313 1042 2393 quaestionem

78 2400 111 2459 in
124 2398 190 2459 loro
206 2397 242 2458 de
257 2397 304 2467 ils,
320 2397 372 2475 qui
387 2395 463 2456 clam
476 2398 508 2456 iu
520 2396 686 2475 conloquiis
700 2396 831 2458 hostium
844 2397 973 2467 fuerant,
989 2395 1040 2456 ba·

78 2481 159 2552 buit;
182 2498 272 2561 supra
287 2480 474 2559 septuaglnta
488 2479 641 2540 damnatos
661 2481 839 2560 proditionis
859 2481 957 2541 securi
973 2487 1069 2560 per-2

78 2568 187 2635 cussit,
203 2565 340 2644 bonaque
356 2581 459 2624 eorum
473 2564 560 2624 iussit
574 2561 694 2643 publica
707 2565 810 2644 populi
824 2563 949 2625 Romani
965 2580 1039 2631 esse,

78 2656 109 2709 et
123 2666 237 2711 summa
251 2666 354 2710 rerum
374 2649 490 2710 senatui
510 2647 619 2709 tradita
639 2665 707 2710 cum
721 2650 855 2709 exercitu
876 2648 956 2708 omni
971 2665 1039 2726 pro·
1053 2652 1070 2704 t

77 2734 175 2794 lectus
194 2750 284 2812 supra
300 2732 472 2794 Suessulam
492 2733 597 2793 castris
611 2735 718 2811 positis
737 2733 882 2794 consedit.
925 2732 1069 2792 Poenusa

79 2815 205 2874 Acerras
219 2816 350 2894 primum
370 2816 406 2875 ad
420 2815 615 2876 voluntariam
635 2815 819 2876 deditionem
834 2824 958 2875 conatus
972 2831 1040 2892 per·

79 2896 186 2966 licere,
208 2904 365 2976 postquam
380 2895 542 2958 obstinatos
558 2894 657 2975 [inde]
678 2896 773 2967 ridet,
795 2895 933 2956 obsidere
954 2904 1041 2974 atque

79 2996 252 3061 oppugnare
277 2987 372 3059 parat.
407 2988 540 3041 ceterum
565 2978 723 3044 Acerranis
750 2979 816 3058 plus
843 2978 934 3039 enimi
954 2984 1070 3057 quamn

79 3065 190 3125 virium
205 3069 279 3134 erat.
313 3066 414 3141 itaque
429 3063 584 3142 desperata
599 3063 691 3124 tutela
706 3060 800 3132 urbis,
820 3070 854 3122 ut
868 3060 1041 3122 circumval·
1123 3064 1126 3068 ’

79 3148 135 3210 lari
151 3149 268 3209 moenia
282 3147 434 3217 viderunt,
460 3147 634 3227 priusquam
655 3147 898 3210 continuarentur
911 3143 1043 3204 bostium

80 3249 185 3312 opera,
207 3249 261 3311 per
276 3232 446 3293 intermissa
466 3232 650 3292 munimenta
671 3230 878 3310 neglectasque
893 3225 1070 3289 eusenius

80 3315 199 3377 silentio
215 3317 311 3378 noctis
327 3314 433 3396 dilapsi
447 3333 503 3396 per
517 3317 580 3377 vias
593 3316 742 3394 inviaque,
758 3331 816 3393 qua
831 3327 977 3393 quemque
992 3316 1043 3370 aut

81 3400 239 3462 consilium
253 3407 303 3462 aut
317 3417 405 3461 error
419 3397 503 3470 tulit,
518 3401 550 3460 in
565 3397 657 3460 urbes
672 3398 862 3478 Campaniae,
883 3394 1043 3477 quassatis

82 3490 196 3545 certum
212 3491 276 3546 erat
290 3503 348 3546 non
364 3493 492 3546 mutasse
507 3483 610 3554 fidem,
627 3483 834 3565 perlegerunt.
