2575 4067
292 219 817 312 cmmxx111‘10m.ia.[a.o.2rc]
970 213 1033 300 idi

83 411 163 455 mum
185 410 330 473 quemque
349 411 366 456 e
383 410 469 454 muro
498 393 687 472 turribusque
708 396 782 454 ictos
804 397 908 459 amisit.
945 398 1062 461 samolo

82 474 160 540 ultro
180 476 362 556 erumpentis
391 478 507 555 agmine
534 473 758 557 elephantorum
786 480 919 557 opposito
942 500 1033 561 prope

83 556 259 631 interclusit,
282 558 471 638 trepIdosquc
487 558 616 640 conpulit
636 562 668 620 in
688 558 793 621 urbem
809 562 877 621 satis
891 562 988 625 multis
1002 572 1035 625 ut

39 675 42 680 ·
84 650 212 706 ertanta
227 643 372 720 paucitate
386 642 559 705 interiectis.
595 642 695 722 plures
717 642 905 715 cecldlssent,
931 646 962 705 nl
977 665 1034 709 nox

83 725 194 804 proelio
205 727 420 787 intervenisset.
444 734 563 806 postero
573 726 620 787 die
631 728 763 788 omnium
774 727 864 788 animi
874 726 911 789 ad
923 740 1061 808 cppug·r

83 808 211 870 nandum
228 807 442 883 accenduntur,
460 810 560 889 utique
574 819 728 889 postquam
745 827 854 871 corona
867 828 956 872 aurea
971 829 1034 872 mu·

82 891 152 953 ralis
166 893 357 970 propositast,
374 900 461 972 atque
479 893 542 972 ipse
557 892 615 954 dux
631 892 741 954 castelli
760 891 848 974 plano
868 891 934 955 looo
949 895 1036 973 positi

82 991 203 1051 segnem
218 976 466 1060 oppugnationem
480 977 601 1053 Sagtmti
612 976 859 1056 expugnatoribus
874 977 1034 1056 exprobra·

84 1057 142 1125 bat,
160 1057 327 1119 Cannarum
339 1057 591 1138 Trasumennique
609 1068 639 1120 et
650 1058 774 1121 Trebiae
790 1060 920 1139 singulos
935 1060 1035 1124 admo·

82 1157 206 1200 monens
231 1141 449 1221 uniuersosque.
490 1141 558 1201 inde
578 1144 680 1203 vineae
702 1160 818 1220 quoquc
844 1152 965 1223 coeptae
991 1145 1064 1221 agit

82 1221 281 1302 cunicubque;
302 1240 359 1297 nec
376 1224 413 1284 ad
433 1225 530 1285 varios
553 1234 674 1286 conatus
694 1224 821 1286 bostium
842 1234 892 1288 aut
913 1229 955 1288 vts
976 1226 1063 1287 ullas

82 1315 133 1367 aut
147 1323 196 1365 ars
216 1305 331 1367 deerat:
349 1308 423 1368 socii
435 1308 635 1369 Romanorum
657 1308 877 1388 propugnacula
898 1311 1036 1371 adversus

84 1390 184 1450 vineas
205 1397 348 1459 statuere,
369 1392 544 1453 transversis
564 1390 706 1453 cuniculis
732 1391 859 1452 bostium
886 1393 1037 1462 cuniculos

81 1474 233 1551 excipere,
251 1483 281 1534 et
292 1472 390 1553 palam
404 1482 437 1535 et·
449 1474 524 1534 clam
539 1476 651 1554 coeptis
662 1474 777 1535 obviam
793 1476 852 1545 irc,
871 1476 965 1537 donec
981 1495 1035 1557 pu·

81 1555 136 1616 dor
151 1557 238 1616 etiam
252 1555 445 1618 Hannibalem
462 1557 498 1627 ab
512 1560 629 1638 incepto
644 1559 763 1626 avertlt;
780 1561 941 1638 castrisque
955 1577 1034 1621 com·

80 1640 202 1700 munitis
217 1656 251 1699 ac
267 1640 414 1717 praesidio
428 1640 546 1702 modico
558 1642 702 1722 inposito,
719 1660 757 1703 ne
769 1644 875 1704 omissa
891 1660 939 1703 res
957 1643 1034 1704 ride·

79 1730 177 1792 retur,
193 1724 224 1782 in
238 1722 362 1784 hiberna
379 1725 532 1784 concessit.
940 1739 947 1754 ⁸
1041 1758 1045 1767 ·
1101 1737 1104 1741 ’

142 1805 187 1865 lbi
204 1813 318 1885 partem
329 1807 471 1865 maiorem
481 1807 586 1867 hiemis
602 1811 762 1870 exercitum
777 1812 808 1869 tn
822 1812 907 1871 tectis
923 1809 1032 1881 babuit,
1046 1818 1077 1870 ιο

80 1888 220 1950 adversus
231 1890 330 1950 omnia
341 1887 468 1949 bumana
483 1888 558 1948 mala
571 1908 658 1968 saepe
669 1908 704 1949 ac
719 1890 768 1950 diu
784 1891 930 1962 duratum,
947 1892 1034 1953 bonis
1141 1937 1143 1941 ,

81 1975 268 2051 inexpertum
280 1979 367 2051 atque
378 1973 535 2033 insuetum.
561 1967 739 2051 itaquequo‘s
750 1972 911 2034 nulla'msli
924 1976 1034 2037 vicerat
1046 1984 1074 2035 lt

81 2055 311 2134 ris,.perdidere
325 2056 416 2116 nimia
430 2053 509 2115 bona
529 2072 563 2115 ac
579 2053 739 2134 voluptates
756 2055 934 2126 inmodicae,
955 2067 985 2118 st
999 2077 1034 2118 eo

79 2139 246 2218 inpensius,
261 2157 319 2218 quo
342 2139 453 2200 aridius
468 2157 504 2199 er
520 2136 675 2199 insolentia
699 2138 731 2196 in
751 2154 800 2197 eas
814 2155 847 2198 se
861 2149 1034 2201 merserant.

80 2238 201 2282 somnus
216 2222 295 2282 enlm
313 2229 343 2282 et
358 2223 457 2283 vinum
473 2231 503 2283 et
524 2220 627 2301 epulae
643 2229 673 2280 et
693 2228 789 2281 scorta
810 2220 983 2300 balineaque
1005 2231 1077 2283 cttt

80 2307 173 2367 otium
192 2304 403 2366 consuetudine
419 2307 449 2366 in
466 2304 527 2366 dies
541 2304 676 2365 blandius
689 2306 729 2364 ita
744 2312 956 2366 enarraverunt
969 2322 1034 2365 cora
1117 2316 1121 2323 ’

80 2406 154 2468 pora
165 2386 351 2466 animosque,
368 2397 401 2447 ut
412 2390 506 2467 magis
518 2388 625 2449 deinde
638 2387 815 2466 praeteritae
830 2389 969 2449 victoriae
985 2406 1035 2451 cos

80 2489 168 2552 quam
184 2479 355 2551 praesentes
372 2479 537 2532 tutarentur
555 2474 647 2540 vires,
669 2471 820 2551 maiusque
835 2471 865 2532 id
879 2479 1033 2550 peccatum
1045 2481 1076 2532 13
1094 2470 1101 2482 ’

81 2555 163 2616 ducis
184 2553 262 2634 apud
282 2555 392 2634 peritos
419 2558 526 2616 artium
549 2555 717 2616 militarium
747 2554 920 2626 haberetur,
946 2574 1033 2635 quam

81 2637 159 2718 quod
175 2656 235 2700 non
254 2657 291 2700 cx
304 2639 451 2701 Cannensi
468 2642 530 2700 acie
545 2640 679 2719 protinus
698 2637 735 2699 ad
755 2638 860 2700 urbem
873 2640 1034 2703 Romanam

81 2721 226 2782 duxisset:
251 2721 300 2782 illa
321 2723 400 2784 enim
422 2726 570 2794 cunctatio,
594 2722 741 2784 distulisse
766 2723 853 2784 modo
883 2726 1035 2785 victoriam

81 2800 174 2860 videri
200 2806 308 2881 potuit,
334 2806 383 2865 bic
404 2824 488 2865 error
517 2808 594 2880 vires
615 2805 758 2866 ademisse
786 2807 823 2865 ad
847 2807 1033 2866 vincendum.

83 2883 330 2962 itaquebercule,
348 2886 426 2947 velut
440 2889 465 2947 si
480 2905 547 2948 cum
563 2887 619 2948 alio
637 2889 767 2947 exercitu
784 2905 801 2947 a
815 2887 913 2964 Capua
930 2889 1031 2958 exiret,
1046 2895 1078 2945 14

82 2964 155 3028 nibil
167 2984 290 3044 usquam
305 2969 446 3045 pristinae
461 2969 632 3049 disciplinae
653 2968 755 3028 tenuit.
796 2985 865 3027 nam
887 2978 917 3028 et
936 2970 1031 3030 radia·
1046 2978 1077 3031 15

81 3058 151 3112 runt
166 3048 299 3129 plerique
313 3052 419 3111 scortis
428 3051 566 3132 inpliciti,
580 3060 622 3122 et,
635 3049 687 3111 ubi
697 3051 826 3128 primum
841 3049 895 3110 sub
910 3051 1035 3131 pellibus
1088 3113 1090 3117 Α
1106 3123 1109 3128 q

82 3133 186 3196 baberi
202 3134 299 3212 coepti
310 3144 393 3205 sunt,
408 3136 512 3216 viaque
528 3144 557 3195 et
571 3134 644 3195 alius
658 3131 793 3193 militaris
807 3131 892 3193 labor
910 3136 1034 3213 excepit,

82 3220 211 3280 tironum
222 3208 310 3280 niodo
322 3217 496 3299 corporibus
505 3218 668 3296 animisque
680 3215 868 3285 deficiebant;
884 3224 914 3276 et
927 3215 1034 3277 deinde
1046 3224 1079 3276 lt

82 3319 136 3380 per
157 3319 245 3363 omne
263 3302 439 3363 aestivorum
460 3311 574 3381 tempus
593 3316 700 3379 magna
719 3317 789 3379 pars
809 3301 872 3360 sine
890 3316 1036 3360 commea·

82 3382 160 3445 tlbus
178 3383 215 3445 ab
235 3385 328 3463 signis
346 3384 567 3457 dilabebantur,
591 3402 688 3463 neque
712 3381 785 3445 aliae
803 3381 932 3444 latebrae
949 3400 1035 3462 quam

82 3465 179 3545 Capua
195 3467 395 3531 desertoribus
412 3479 504 3532 erant.
648 3503 649 3506 κ
956 3507 960 3513 ψ

125 3583 149 3615 1⁸.
168 3582 229 3617 mvi
248 3584 315 3619 PARS
335 3585 366 3621 11.
796 3555 835 3616 ²2
