2575 4067
289 189 383 232 nmen
396 188 464 234 vm.
480 188 547 233 oar.
564 177 607 232 ab.
622 176 665 232 36.
682 167 722 253 [a.
739 172 774 235 0.
791 171 853 255 325]
1010 175 1052 243 st

84 335 162 402 nihil
175 337 288 399 morari
301 338 475 417 magistrum
486 338 618 419 equitum
629 341 862 417 pronuntiasset,
878 340 1051 420 degressum

84 441 156 486 oum
168 420 284 503 templo
301 420 394 484 laetus
409 429 541 493 senatus,
557 421 662 483 laetior
675 422 815 503 populus,
832 424 1003 487 circumfusi
1017 443 1051 488 ac

81 505 274 587 gratulantes
288 504 359 566 hinc
375 507 516 585 magistro
531 505 677 586 equitum,
694 506 764 568 hinc
778 505 930 579 dictatori,
948 525 1051 589 prose·

81 592 147 652 cuti
164 597 252 661 sunt,
268 591 475 670 firmatumque
486 590 644 669 imperium
656 588 783 651 militare
796 589 876 652 haud
888 590 986 653 minus
1001 599 1080 672 pet

79 674 184 737 riculo
210 674 245 746 Q.
266 673 352 735 Fabii
379 691 467 755 quam
493 671 637 754 supplicio
665 672 827 735 miserabili
856 672 1051 737 adulescentis

77 758 192 821 llanlii
207 756 370 818 videbatur.

147 842 244 904 Forte
258 843 299 902 ita
314 858 349 903 co
364 859 441 902 anno
455 842 567 912 evenit,
581 848 627 911 ut,
644 842 907 923 quotienscumque
924 842 1094 906 dictatorio

77 926 116 988 ab
131 926 273 988 exercitu
279 927 459 995 recessisset,
474 924 575 987 hostes
586 926 617 986 in
627 925 747 987 Samnio
758 933 957 989 moverentur.
972 936 1050 989 cete·

76 1029 155 1073 rum
168 1011 205 1070 in
220 1008 314 1071 oculis
329 1008 496 1089 exemplum
511 1016 575 1071 erat
589 1009 623 1081 Q.
639 1009 747 1071 Fabius
758 1009 797 1072 it.
812 1010 928 1072 Valerio
942 1011 1049 1090 legato,

77 1095 137 1173 qui
154 1095 264 1155 castris
284 1102 435 1173 praeerat,
455 1111 494 1154 ne
514 1112 603 1174 quam
618 1094 676 1155 vim
698 1094 826 1156 hostium
846 1096 940 1174 magis
962 1112 1050 1175 quam

77 1185 205 1240 trucem
221 1177 373 1238 dictatoris
386 1179 461 1239 iram
475 1177 604 1239 timeret.
629 1178 728 1258 itaque
739 1178 968 1240 frumentatores
979 1197 1047 1241 cuna
1061 1187 1090 1239 lt

77 1261 285 1323 circumventi
300 1278 337 1323 cx
349 1260 464 1323 insidiis
479 1263 557 1323 caesi
570 1261 635 1324 loco
649 1262 751 1341 iniquo
773 1270 887 1331 essent,
905 1262 1050 1324 creditum

76 1345 175 1425 uulgo
189 1352 249 1416 est,
265 1343 415 1406 subveniri
426 1347 469 1406 cis
480 1343 517 1406 ab
532 1344 628 1424 legato
640 1346 785 1424 potuisse,
801 1347 833 1406 ni
843 1346 939 1407 tristia
955 1346 1050 1408 edicta

78 1430 302 1491 exhorruisset.
337 1446 371 1490 ca
386 1446 502 1510 quoque
517 1430 562 1490 lra
577 1428 714 1491 alienavit
730 1447 746 1491 a
762 1428 905 1491 dictatore
922 1429 1047 1492 militum
1061 1437 1093 1488 12

7 1587 9 1594 y
77 1516 204 1576 animos
220 1514 280 1574 iam
292 1520 360 1574 ante
370 1513 518 1585 infensos,
534 1514 613 1594 quod
624 1513 807 1594 inplacabssis
821 1514 855 1586 Q.
872 1513 963 1575 Fabio
978 1514 1049 1576 iuis·

78 1606 193 1668 satec,
210 1597 289 1678 quod
306 1598 367 1658 suis
383 1595 521 1677 precihus
537 1605 687 1677 negasset,
712 1599 775 1661 eius
791 1596 900 1680 populo
916 1598 1049 1661 Romano

76 1683 205 1743 veniam
223 1680 360 1742 dedisset.

148 1763 280 1827 XXXVI.
313 1765 472 1846 Postquam
487 1764 612 1828 dictator
626 1767 795 1845 praeposito
809 1767 841 1828 in
856 1766 931 1829 urhe
944 1766 977 1829 L.
993 1766 1048 1829 Pa·
1063 1774 1076 1824 1

77 1851 166 1930 pirio
185 1848 306 1920 Crasso,
324 1852 465 1928 magistro
480 1852 611 1931 equitum
625 1850 661 1922 Q,
676 1849 767 1911 Fabio
786 1852 876 1914 vetito
891 1853 1048 1933 quicquam

76 1953 142 2013 pro
159 1934 334 2012 magistratu
346 1950 449 2012 agere,
465 1934 496 1994 in
508 1942 604 1997 castra
618 1933 724 2004 rediit,
741 1950 838 2014 nequo
853 1933 964 1996 civibus
978 1935 1049 1996 satis

78 2017 184 2079 laetus
206 2015 347 2079 adventus
370 2019 433 2077 eius
451 2016 506 2078 init
530 2035 585 2079 nec
604 2016 739 2079 hostibus
761 2019 917 2098 quicquam
945 2016 1050 2080 adtulit

80 2101 223 2163 terroris.
238 2117 366 2182 namque
377 2108 497 2179 postero
508 2100 628 2170 diesen
642 2100 1079 2177 ignarirenissedIctatorem,2

80 2203 155 2256 sen,
173 2183 288 2246 adesset
305 2203 343 2247 an
358 2183 488 2254 abesset,
504 2185 587 2263 parri
603 2183 757 2254 foetentes,
777 2184 920 2243 instructa
934 2184 998 2244 acic
1012 2183 1049 2244 ad

82 2278 185 2330 castra
201 2275 398 2331 accesserunt.
428 2275 559 2331 ceterum
575 2274 690 2329 tantum
705 2267 848 2327 momenti
869 2267 901 2327 in
914 2283 974 2327 uno
987 2267 1078 2328 virot

82 2354 120 2414 L.
137 2353 258 2431 Papirio
272 2352 340 2423 luit,
355 2361 400 2424 ut,
415 2354 441 2414 si
458 2352 540 2413 ducis
553 2350 675 2413 consilia
685 2350 768 2412 favor
782 2348 956 2411 subsecutus
972 2348 1049 2411 mili·

85 2446 151 2498 tum
165 2436 259 2507 foret,
282 2434 424 2497 debellari
439 2454 473 2497 eo
489 2436 537 2497 die
556 2451 623 2497 cum
639 2433 819 2497 Samnitibus
839 2434 970 2514 potuisse
993 2451 1049 2515 pro

85 2519 167 2582 haud
183 2518 272 2581 dubio
287 2518 418 2580 habitum
437 2522 491 2581 sit:
512 2522 553 2581 ita
572 2520 712 2581 instruxit
729 2520 823 2580 aciem
845 2518 910 2580 loco
930 2537 964 2580 ac
980 2518 1078 2581 subs

85 2605 184 2676 sidiis,
202 2606 243 2665 ita
259 2605 339 2665 omni
355 2611 418 2665 arte
432 2603 538 2666 bellica
553 2604 688 2665 firmarit.
723 2610 867 2666 cessatum
879 2621 896 2664 a
910 2603 1003 2666 milito
1013 2621 1049 2666 ac

85 2688 124 2750 dc
149 2687 309 2758 industria,
330 2696 365 2748 nt
388 2686 605 2750 obtrectaretur
630 2687 766 2751 laudibus
794 2687 891 2761 ducis,
918 2688 1049 2771 inpedita

84 2773 209 2834 victoria
224 2778 278 2833 est.
312 2768 413 2851 plnres
435 2772 610 2834 Samnitium
633 2772 784 2843 cecidere,
807 2772 908 2852 plures
923 2773 1057 2835 Romani.

84 2855 232 2917 vrslncrati
247 2863 325 2917 sunt.
359 2856 451 2918 sensit
464 2859 576 2937 peritus
590 2855 664 2926 dur,
681 2874 819 2936 quaeres
835 2857 976 2918 victoriae
995 2855 1076 2916 obt

86 2947 193 3002 staret:
217 2940 442 3021 temperandum
463 2942 615 3021 ingenium
637 2955 723 3000 suum
738 2957 802 3000 esse
819 2947 849 3001 et
862 2940 1047 3000 severitatem

85 3024 269 3086 miscendam
284 3024 431 3087 comitate.
457 3026 555 3105 itaque
579 3023 717 3086 adhibitis
738 3021 842 3102 legatis
858 3024 922 3103 ipse
937 3023 1077 3083 circumc

85 3109 202 3170 saucios
217 3106 325 3169 milites
347 3108 482 3169 inserens
501 3110 533 3170 in
553 3110 681 3170 tentoria
695 3114 783 3187 caput
796 3105 1002 3186 singulosque,
1016 3113 1049 3167 ut

85 3210 152 3254 sese
174 3190 333 3264 haberent,
355 3193 487 3270 rogitans
508 3209 610 3253 curam
630 3210 732 3253 eorum
756 3190 931 3253 nominatim
944 3189 1047 3269 legatis

85 3276 272 3355 tribunisque
288 3282 317 3337 et
337 3275 495 3355 praefectis
516 3274 720 3336 demandabat.
756 3292 821 3336 rem
835 3292 891 3353 por
904 3292 936 3336 se
953 3285 1075 3355 popu-7

86 3360 181 3422 larem
196 3362 237 3421 ita
248 3360 368 3422 dextere
380 3361 447 3439 egit,
460 3367 493 3421 ut
503 3358 656 3420 medendis
667 3357 842 3438 corporibus
853 3359 945 3420 animi
955 3356 1047 3422 multo

86 3448 171 3526 prius
187 3444 314 3507 militum
329 3445 502 3525 imperatori
516 3441 794 3516 reconciliarentur,
816 3462 872 3507 nec
891 3444 1047 3527 quicquam
