2575 4067
228 235 289 302 itt
430 249 525 292 omre
539 251 568 291 x.
588 249 658 292 om.
676 236 721 292 aa.
732 238 774 290 44.
790 227 829 310 [e.
846 253 875 293 a.
890 253 917 294 e.
930 230 991 312 oet]

197 407 215 460 ti
290 399 339 460 Sic
354 396 389 459 ad
407 396 587 465 Cominium,
609 399 652 458 sio
668 397 704 460 ad
722 397 906 477 Aquiloniam
928 406 1009 475 gesta
1027 416 1086 460 res.
1116 401 1189 462 inde

224 481 323 545 medio
343 482 422 543 inter
435 480 507 542 dues
526 478 616 542 urbes
636 483 744 562 spatio,
770 481 822 543 ubi
840 482 927 544 tertia
949 489 1100 562 expectata
1123 494 1189 546 erat

224 583 336 647 pugna,
366 565 466 627 hostes
491 580 551 625 nen
572 566 694 626 inventi.
743 572 857 646 septem
876 563 957 627 milia
978 583 1098 646 passum
1119 585 1188 630 eum

225 649 363 711 abessent
377 666 394 710 a
410 648 557 720 Cominio,
572 650 701 710 revocati
715 648 752 711 ab
767 650 828 712 suis
842 650 941 711 neutri
956 648 1070 730 proelio
1082 668 1187 712 occur·

181 741 216 796 10
225 741 339 796 rerunt.
369 733 474 813 primis
489 731 584 794 terme
598 730 744 804 tenebris,
767 751 835 795 cum
848 736 880 795 in
895 742 1056 814 conspectu
1065 736 1125 795 iam
1137 752 1186 796 ca-

223 826 300 889 stra,
312 818 370 879 iam
383 815 568 897 Aquiloniam
582 815 769 889 habuissent,
783 817 894 878 clamor
909 835 959 878 eos
970 819 1119 898 utrimque
1130 837 1186 898 par

181 907 212 962 il
225 901 363 964 accidens
386 901 539 969 sustinuit;
567 899 674 962 deinde
695 901 817 979 regione
838 908 1017 973 castrorum,
1043 919 1118 982 quae
1138 904 1184 964 in·

223 1003 311 1048 censa
333 984 369 1046 ab
390 984 530 1047 Romanis
551 991 651 1054 erant,
678 983 797 1046 damma
823 983 881 1045 iate
904 984 968 1046 lusa
984 987 1105 1046 certiori
1126 985 1185 1047 cla·

181 1077 215 1131 12
225 1070 270 1132 dis
281 1068 390 1131 indicio
400 1067 541 1149 progredi
551 1066 668 1146 longius
677 1066 839 1148 prohibuit.
859 1086 895 1129 eo
906 1068 970 1149 ipso
981 1067 1047 1130 loco
1060 1068 1185 1152 [prope]

222 1162 336 1216 temere
356 1151 411 1216 sub
433 1152 523 1213 armis
542 1153 626 1213 strati
648 1152 757 1232 passim
776 1153 940 1233 inquietum
961 1170 1048 1214 omne
1068 1160 1185 1232 tempus

179 1239 319 1300 lttnoetis
340 1236 522 1318 expectando
539 1234 728 1314 timendoque
745 1234 842 1297 lucem
857 1253 954 1315 egere.
991 1238 1086 1315 prima
1107 1235 1183 1307 luce,

221 1321 342 1392 incerti,
358 1339 446 1402 quam
456 1322 488 1381 in
498 1330 614 1400 partem
627 1318 817 1382 intenderent
824 1321 896 1390 iter,
909 1330 1033 1400 repente
1043 1322 1075 1380 in
1084 1320 1184 1400 lugam

221 1411 449 1468 consternantur
468 1405 620 1484 conspecti
639 1402 676 1465 ab
692 1401 852 1483 equitibus,
877 1404 928 1484 qui
947 1421 1082 1483 egressos
1095 1412 1184 1465 noete

221 1487 259 1550 ab
274 1488 383 1568 oppido
403 1488 550 1550 Samnites
563 1488 713 1566 persecuti
736 1486 869 1548 viderant
889 1485 1106 1549 multitudinem
1122 1506 1184 1549 non

181 1571 310 1643 tirello,
339 1588 400 1632 nou
423 1569 597 1633 stationibus
622 1571 783 1640 firmatam
806 1578 963 1651 conspecta
983 1577 1013 1632 et
1033 1589 1069 1631 ex
1089 1573 1183 1633 muris

219 1653 392 1734 Aquiloniae
405 1671 439 1715 ea
450 1652 607 1716 multitudo
622 1663 697 1727 erat,
712 1656 829 1734 iamque
841 1655 930 1716 etiam
941 1654 1120 1734 legionariae
1131 1673 1182 1716 co·

220 1737 322 1799 hortes
339 1736 548 1817 sequebantur.
579 1743 711 1799 ceterum
728 1755 784 1800 neo
797 1738 889 1819 podes
913 1738 1059 1818 fugientes
1080 1756 1180 1819 perse·

219 1822 270 1902 qul
287 1821 396 1900 potuit,
419 1829 448 1882 et
463 1820 500 1882 ab
518 1822 616 1901 equite
628 1823 779 1883 novissimi
801 1822 925 1900 agminis
947 1822 1066 1885 ducenti
1086 1824 1181 1884 terme

177 1911 250 1968 leet
265 1906 412 1984 octoginta
426 1905 583 1967 interiecti.
615 1922 697 1969 arma
712 1903 803 1968 multa
822 1906 921 1984 pavidi
939 1923 973 1966 ac
995 1908 1080 1985 signa
1104 1905 1180 1968 mili·

219 1989 293 2052 taria
312 1988 511 2069 duodeviginti
530 1988 694 2070 reliquere;
716 1988 773 2051 alio
789 1990 906 2067 agmine
919 1989 1076 2062 Incolumi,
1097 1999 1180 2052 uter

219 2080 300 2135 tauta
316 2072 525 2155 trepidatione,
542 2074 704 2136 Bovianum
718 2079 893 2154 perventum
905 2081 959 2135 est.

192 2161 206 2215 1
278 2157 375 2221 XLIV.
405 2159 558 2222 Laetitiam
582 2159 735 2238 utriusque
749 2158 895 2219 exercitus
912 2158 1038 2219 Romani
1056 2158 1137 2220 auxit
1151 2168 1181 2219 et

217 2242 254 2304 ab
275 2241 366 2305 altera
394 2250 479 2323 parte
506 2242 633 2304 feliciter
652 2247 734 2321 gesta
755 2258 813 2301 res.
854 2246 979 2321 uterque
999 2261 1035 2303 ex
1060 2241 1180 2303 alterius

217 2329 362 2388 sententia
379 2326 481 2388 consul
502 2333 621 2407 captum
642 2325 783 2405 oppidum
803 2321 1002 2404 diripiendum
1023 2323 1110 2386 militi
1130 2325 1179 2386 de·

188 2410 272 2481 2dit,
296 2411 444 2472 exhaustis
460 2410 567 2472 deinde
590 2411 674 2473 tectis
687 2410 788 2488 ignom
803 2408 921 2478 intecit,
948 2408 1112 2489 eodemque
1133 2409 1180 2470 die

216 2491 372 2571 Aquilonia
384 2501 414 2554 et
428 2494 595 2555 Cominium
612 2492 820 2571 deflagravere,
836 2499 865 2551 et
879 2490 1016 2554 consules
1031 2510 1099 2555 eum
1112 2509 1179 2571 gra·

187 2573 358 2636 titulatione
376 2584 478 2637 mutua
498 2575 650 2656 legionum
669 2593 779 2656 suaque
803 2582 899 2636 eastra
920 2577 1112 2639 coniunxere.
1147 2578 1178 2636 in

216 2666 377 2736 conspectu
394 2658 520 2720 duorum
532 2660 714 2721 exercituum
729 2665 759 2720 et
772 2657 916 2722 Carvilius
932 2677 1002 2722 suos
1016 2679 1072 2741 pro
1082 2661 1178 2721 cuius·

215 2758 274 2821 que
295 2742 402 2803 merito
423 2739 552 2804 laudarit
573 2742 764 2823 donavitque,
784 2749 814 2804 et
827 2742 977 2822 Papirius,
1001 2744 1078 2824 apud
1090 2761 1178 2824 quem

215 2822 369 2905 multiplex
388 2827 420 2888 in
443 2827 521 2898 acie,
542 2828 622 2889 circa
641 2834 752 2898 eastra,
774 2827 853 2887 eirca
874 2826 979 2889 urbem
1000 2828 1098 2890 iuerat
1113 2845 1177 2889 cer·

214 2919 327 2981 tarnem
354 2911 403 2992 Sp.
419 2911 573 2983 Nautium,
597 2912 647 2991 Sp.
661 2912 813 2992 Papirium
828 2909 929 2972 iratris
945 2910 1038 2973 filium
1052 2920 1083 2973 et
1095 2918 1177 2992 quat·

214 3004 282 3056 tuor
290 2997 480 3060 centuriones
487 2994 729 3078 manipulumque
739 2994 922 3057 hastatorum
933 2994 1056 3058 armillis
1067 2997 1179 3059 aureis·

186 3087 273 3158 tque
285 3081 403 3141 coronis
414 3079 548 3143 donarit:
580 3079 720 3143 Nautium
736 3085 861 3158 propter
872 3079 1104 3158 expeditionem,
1120 3095 1178 3158 qua

215 3164 316 3240 magni
330 3165 456 3242 agminis
470 3163 559 3226 modo
577 3171 727 3226 terruerat
740 3163 855 3231 hostes,
874 3164 1010 3226 iuvenem
1027 3164 1179 3244 Papirium

215 3252 338 3326 propter
359 3255 493 3309 navatam
515 3266 582 3311 cum
604 3249 735 3328 equitatu
757 3253 787 3307 et
811 3249 843 3306 in
867 3246 980 3326 proelio
1002 3265 1123 3329 operam
1150 3255 1180 3307 et

214 3336 316 3400 noete,
337 3332 406 3409 quia
420 3331 520 3410 fugam
533 3331 671 3395 intesmn
686 3328 867 3394 Samnitibus
882 3330 918 3391 ab
933 3331 1088 3412 Aquilonia
1103 3330 1179 3392 clam

188 3415 204 3470 5
217 3412 344 3487 egressis
359 3412 445 3485 ieclt;
462 3418 652 3479 centuriones
667 3414 851 3494 militesque,
875 3415 944 3493 quia
957 3417 1048 3494 primi
1061 3426 1179 3497 portam

216 3509 393 3574 murumque
412 3498 584 3577 Aquiloniae
605 3506 761 3579 ceperant;
790 3498 904 3577 equites
923 3516 1027 3562 omnes
1048 3499 1088 3560 ob
1107 3499 1180 3560 insi·
