2575 4067
249 209 290 274 90
415 224 508 267 nmnn
522 224 591 269 rm.
616 224 685 269 our.
700 211 743 266 38.
758 212 802 267 39.
820 203 860 287 [o.
875 229 906 269 u.
923 228 949 269 o.
965 205 1028 290 432]

249 382 319 444 tatu,
334 381 367 434 ut
379 370 486 434 vallum
500 380 668 452 peteretur,
681 390 812 453 opusque
827 374 987 452 inciperet,
1000 374 1065 436 fleri
1074 392 1134 437 non
1145 393 1201 456 po·

221 463 333 518 eierat.
353 458 451 537 itaque
465 455 517 517 ubi
530 474 625 537 neque
641 456 729 517 eundi
744 474 841 537 neque
855 457 995 519 manendi
1005 459 1119 538 copiam
1134 476 1199 521 esse

246 541 338 611 ridet,
359 541 479 602 instruit
505 540 597 602 aciem
618 539 826 621 inpedimentis
856 559 892 602 ex
924 541 1039 619 agmine
1065 543 1199 604 remotis.

245 627 394 685 instruunt
417 631 519 686 contra
540 631 570 685 et
590 624 705 695 hostes,
733 631 763 685 et
782 625 887 685 animis
910 631 940 685 et
965 623 1075 685 viribus
1101 643 1199 705 pares.

217 714 365 770 tauxerat
377 707 408 769 id
425 709 551 769 maxime
568 709 695 779 animos,
710 706 788 787 quod
808 708 904 787 ignari
921 705 987 769 loco
1008 695 1123 787 iniquo,
1139 727 1200 770 non

245 793 323 854 hosti
336 810 468 862 cessum,
485 790 564 852 velut
578 791 724 870 fugientes
738 810 772 853 ac
785 793 904 853 territos
917 789 1067 852 terribiles
1081 793 1139 872 ipsi
1152 810 1198 854 se·

204 878 308 938 1oouti
323 877 447 941 fuerant.
478 874 508 935 id
522 874 700 953 aliquamdiu
715 876 848 954 aequarit
863 891 991 955 pugnam
1008 875 1198 956 iampridem

246 960 365 1022 desueto
377 958 507 1021 Samnite
522 957 681 1020 clamorem
695 958 820 1020 Romani
835 959 980 1020 exercitus
990 960 1061 1038 pati.
1083 966 1113 1020 et
1128 960 1198 1021 her·

246 1044 310 1106 cule
323 1042 374 1104 illo
386 1043 433 1104 die
447 1041 484 1103 ab
498 1041 572 1103 hora
583 1041 640 1103 diei
651 1043 738 1103 tertia
753 1041 790 1102 ad
806 1050 935 1103 octavam
949 1043 990 1103 ita
1001 1059 1110 1122 anceps
1125 1042 1198 1105 dici·

243 1136 292 1190 tur
314 1134 463 1188 certamen
478 1127 605 1197 stetisse,
628 1133 662 1188 ut
680 1143 776 1205 neque
797 1125 923 1195 clamor,
943 1132 977 1187 ut
992 1127 1089 1207 primo
1104 1126 1199 1189 semel

244 1229 390 1273 concursu
407 1217 451 1272 est
468 1209 612 1281 sublatus,
632 1211 754 1271 iteratus
774 1211 826 1281 sit,
847 1227 943 1290 neque
962 1209 1045 1288 signa
1061 1218 1199 1289 promota

244 1295 309 1357 loco
324 1304 441 1357 retrove
455 1303 591 1375 recepta,
613 1310 709 1373 neque
730 1311 884 1356 recursum
903 1293 939 1354 ab
961 1292 1021 1355 ulla
1042 1296 1080 1356 sit
1101 1303 1197 1374 parte.

203 1386 233 1438 11
245 1382 275 1440 in
290 1397 342 1442 suo
357 1380 488 1460 quisquis
501 1378 595 1458 gradu
608 1377 709 1439 obnixi
723 1385 862 1454 urgentes
876 1377 966 1439 sends
987 1379 1050 1439 sine
1066 1379 1196 1459 respira·

120 1516 124 1523 .
243 1465 324 1524 tione
338 1480 373 1524 ac
386 1470 523 1542 respectu
541 1461 727 1541 pngnabant;
748 1461 884 1524 fremitus
904 1461 1032 1541 aequalis
1053 1470 1197 1543 tenorque

243 1547 322 1607 idem
336 1562 453 1625 pugnae
468 1545 501 1605 in
516 1544 754 1622 defatigationem
769 1544 901 1607 ultimam
916 1554 966 1607 aut
979 1555 1097 1608 noctem
1111 1564 1197 1627 spec·

203 1637 234 1689 12
245 1628 333 1691 tabat.
372 1630 431 1689 iam
453 1630 524 1689 riris
542 1629 633 1699 vires,
654 1629 712 1690 iam
734 1628 814 1689 ferro
837 1646 889 1690 sna
903 1631 963 1699 vis,
993 1631 1051 1691 iam
1075 1629 1196 1692 consilia

243 1711 366 1774 ducibus
378 1711 508 1783 deerant,
524 1730 591 1773 cum
606 1711 703 1773 subito
717 1713 890 1775 Samnitium
906 1714 1033 1793 equites,
1052 1731 1119 1775 cum
1131 1722 1197 1775 tur·

242 1814 290 1857 ma
304 1814 364 1856 una
374 1793 490 1874 longius
508 1803 647 1876 provecta
668 1797 851 1876 accepissent
868 1795 1068 1876 inpedimenta
1086 1796 1196 1860 Roma·

243 1897 350 1941 norum
363 1876 468 1959 procul
482 1878 519 1940 ab
535 1880 656 1941 armatis
671 1880 735 1940 sine
749 1880 909 1959 praesidio,
931 1882 995 1940 sine
1010 1882 1195 1943 munimento

205 1970 233 2024 tt
244 1970 337 2035 stare,
353 1962 487 2024 aviditate
503 1962 632 2041 praedae
643 1965 787 2042 impetum
798 1964 919 2025 faciunt.
949 1963 1026 2044 quod
1038 1963 1089 2026 ubi
1103 1965 1195 2027 dicta·

242 2048 300 2109 tori
316 2046 449 2127 trepidus
463 2049 582 2109 nuntius
597 2045 715 2108 adtulit:
737 2049 825 2118 „sine
840 2046 928 2108 modo
939 2054 959 2079 ‘⁴
979 2048 1089 2128 inquit,
1103 2062 1196 2120 „sese

241 2131 351 2210 praeda
364 2131 585 2211 praepediant.“
610 2130 659 2192 alii
675 2130 781 2192 deinde
792 2148 881 2209 super
894 2129 967 2193 alios
982 2130 1070 2212 diripi
1084 2134 1195 2212 passim

197 2217 229 2267 14
241 2215 372 2297 ferrique
394 2215 527 2278 fortunas
543 2213 668 2277 militum
686 2213 931 2277 vociferabantur.
971 2222 1033 2277 tum
1053 2217 1193 2295 magistro
1280 2263 1281 2274 ,

243 2302 374 2380 equitum
389 2300 497 2362 accito:
512 2299 618 2372 „rides
633 2306 692 2360 tu‘⁴
704 2298 810 2378 lnquit,
831 2297 895 2371 „it
910 2297 997 2370 Fabi,
1013 2297 1050 2360 ab
1064 2299 1194 2363 hostium

241 2386 338 2463 equite
359 2385 496 2446 omissam
519 2383 665 2462 pugnam!
700 2381 824 2444 haerent
843 2381 967 2462 inpediti
987 2382 1195 2463 inpedimentis

201 2473 231 2525 to
244 2469 361 2528 nostrls.
392 2466 568 2545 adgredere,
584 2465 662 2547 quod
680 2467 758 2527 inter
774 2465 976 2544 praedandum
996 2468 1076 2528 omni
1095 2466 1194 2529 multi·

239 2550 334 2610 tndinl
353 2551 463 2621 evenit,
487 2550 654 2628 dissipatos:
683 2566 768 2610 raros
789 2549 871 2629 equis
894 2548 1069 2622 insidentes,
1099 2569 1193 2624 raros,

240 2631 346 2710 qulbus
359 2632 472 2695 ferrum
482 2634 514 2692 in
528 2650 616 2693 manu
627 2633 666 2692 sit
678 2633 823 2704 iuvenies;
839 2651 988 2714 equosque
1003 2634 1072 2696 dum
1083 2635 1194 2715 praede

240 2722 378 2787 onerant,
394 2715 483 2777 caede
496 2716 625 2777 lnermes
637 2723 847 2798 cruentamque
864 2716 922 2779 illis
936 2717 1075 2799 praedam
1089 2719 1193 2781 redde.

199 2797 314 2861 ltmibl
332 2797 463 2878 legiones
480 2798 670 2880 peditumque
694 2817 792 2879 pugna
816 2818 904 2863 curae
925 2810 1026 2871 erunt:
1052 2820 1146 2883 penes
1164 2810 1194 2863 te

240 2891 376 2964 equestre
390 2884 428 2944 sit
443 2883 563 2945 decus.“

212 2974 225 3025 1
298 2967 425 3030 XXXIX.
452 2968 589 3048 Equitum
600 2968 686 3040 acies,
703 2967 796 3047 qualis
808 2966 913 3050 [qnae]
925 2987 989 3031 esse
1000 2971 1194 3033 instructissi-

239 3071 287 3115 ma
301 3059 413 3132 potest,
429 3052 543 3113 inuecta
556 3053 588 3113 in
599 3051 753 3132 dissipatos
768 3052 973 3134 inpeditosque
987 3054 1088 3115 hostes
1102 3053 1192 3118 caede

210 3139 336 3198 comnia
353 3134 457 3216 replet.
488 3137 567 3197 inter
581 3136 711 3198 sarcinas
730 3137 854 3199 omissas
868 3144 1006 3217 repente,
1022 3137 1193 3201 obiacentes

238 3220 363 3300 pedibus
380 3219 555 3300 fugientium
577 3226 890 3301 consternatorumque
911 3239 1069 3301 equorum,
1094 3238 1192 3302 neque

209 3309 354 3384 ipugnae
365 3322 460 3384 neque
474 3305 561 3384 fugae
575 3304 644 3367 satis
658 3312 794 3383 potentes
815 3304 986 3368 caeduntur.
1016 3313 1079 3368 tum
1094 3304 1191 3367 deleto
1276 3305 1277 3322 ³

236 3404 330 3466 prope
351 3391 481 3468 equitatu
502 3388 630 3450 hostium
649 3387 688 3450 Μ.
710 3388 819 3450 Fablus
841 3389 1048 3452 circumductis
1070 3387 1191 3470 paulrnn

207 3468 290 3530 talis
306 3468 343 3530 ab
356 3477 440 3546 tergo
453 3471 621 3549 pedestrem
642 3472 733 3533 aciem
754 3472 894 3534 adoritur.
926 3473 1038 3537 clamor
1052 3473 1122 3535 inde
1136 3489 1191 3535 no·
1275 3485 1276 3492 ¹

1275 3519 1276 3584 t

1271 3917 1274 4034 l
