2575 4067
236 278 328 322 men
342 277 411 322 vm.
428 275 496 320 oss.
513 263 555 320 ii.
572 264 615 320 12.
633 253 674 338 [a.
691 258 727 321 (l.
740 262 801 321 tte.
815 260 877 340 tae]
992 263 1032 327 ot

75 431 192 512 temque
217 433 275 488 est:
299 423 373 487 adeo
392 425 473 486 enim
493 425 607 487 accism
625 442 675 488 res
692 433 774 498 sunt,
795 426 957 489 utconsnii
972 428 1076 488 tic-12

72 523 163 575 torem
185 510 351 572 exercitum
371 507 409 570 ad
430 507 651 590 depopulandos
678 527 766 589 agros
789 528 892 572 eorum
915 511 1034 573 ducenti

70 595 216 658 dederent
233 610 266 655 ss
288 610 392 655 omnes
410 592 519 666 Latini,
542 592 782 675 deditionemque
803 611 869 655 eam
892 595 1034 676 Campani

69 698 97 741 se
138 685 278 741 crentur.

98 698 250 825 qlbetium
265 760 421 842 Capuaque
442 778 514 840 agro
534 760 660 824 multati.
689 761 811 824 Latinus
831 780 902 843 ager
915 762 1031 825 Priver·
1044 769 1077 822 it

67 849 124 909 nati
140 846 248 908 addito
266 862 337 925 agro
356 853 386 907 ct
402 844 560 917 Falernum,
582 848 634 926 qui
653 845 755 926 populi
771 847 913 928 Campani
926 846 1032 918 iuerat,

67 949 159 1012 usque
175 929 217 992 ad
226 929 402 992 Vulturnum
413 928 524 991 iinmen
535 927 617 1010 plebi
625 929 777 993 Romanae
792 930 946 1001 diriditnr3
962 928 1031 992 bina
1043 938 1076 991 14

65 1017 213 1077 inLatino
223 1015 336 1094 iugera,
347 1014 388 1075 ita
398 1020 431 1074 ut
441 1012 616 1075 dodrantem
628 1030 665 1075 ex
674 1013 839 1077 Privernati
849 1014 1033 1097 conplorent,

65 1100 147 1171 data,
164 1107 256 1160 terna
269 1099 301 1159 in
315 1096 442 1159 Falerno
456 1096 669 1179 quadrantibus
687 1101 775 1162 etiam
790 1117 846 1180 pro
866 1098 1033 1179 longinqui·

65 1192 121 1246 tate
143 1183 281 1245 adiectis.
318 1189 401 1244 extra
421 1198 548 1263 poenam
569 1181 655 1245 inere
675 1181 848 1245 Latinorum
869 1182 1034 1245 Laurentes
1043 1188 1075 1241 ie

65 1267 348 1348 Campanorumque
360 1267 490 1346 equites,
507 1267 648 1347 quianon
660 1264 853 1328 desciverant.
880 1266 1033 1329 mmLau·

64 1352 207 1413 rentibus
221 1351 358 1411 renovari
373 1349 476 1413 foedus
490 1351 618 1421 iussum;
633 1358 853 1431 renovaturque
864 1369 901 1413 ex
912 1370 948 1414 eo
961 1369 1034 1430 quo·

65 1438 166 1497 tannis
190 1440 256 1514 post
276 1432 356 1495 diem
373 1432 519 1496 decimum
535 1434 716 1497 Latinarum.
746 1433 893 1516 equitibus
908 1435 1032 1515 Campa·
1044 1440 1077 1495 ld

64 1521 109 1580 nis
125 1520 234 1581 civitas
249 1518 382 1580 Romana
399 1517 480 1590 data,
501 1529 754 1600 monumentoque
768 1527 801 1581 ut
816 1527 896 1581 emet
910 1537 1033 1582 aeneam

64 1603 202 1666 tabulam
216 1603 248 1663 in
264 1601 339 1664 aede
354 1602 484 1665 Castoris
492 1601 603 1665 liomae
618 1604 755 1667 mantnt
781 1603 906 1685 vectigal
917 1622 1034 1685 quoquc

65 1690 107 1749 eis
123 1688 295 1767 Campanus
313 1686 440 1768 populus
453 1688 549 1749 iussus
563 1686 696 1767 pendere
716 1690 748 1751 in
762 1688 895 1769 singulos
909 1695 1032 1770 quotam

65 1775 110 1833 nis
127 1806 176 1817 —
193 1770 276 1832 luere
291 1778 389 1833 antem
402 1769 483 1833 mille
498 1779 528 1833 et
543 1772 672 1834 sescenti
685 1807 729 1819 -
743 1773 882 1835 denarios
896 1791 1034 1835 nummos

66 1856 532 1937 quadringenosquinquagenos.
558 1855 1058 1937 xil.1nbeliogssto,pmemtn1

65 1957 226 2021 poenaque
245 1956 300 2019 pro
323 1941 463 2019 cuiusque
483 1941 590 2001 merito
610 1941 768 2020 persolutis
783 1940 817 2002 T.
832 1939 959 2003 llanlins
973 1941 1033 2003 lio·

66 2043 148 2087 mam
163 2021 263 2084 rediit.
293 2025 341 2084 cui
360 2024 491 2085 venienti
511 2024 646 2085 seniores
667 2032 782 2088 tantum
800 2022 917 2086 obviam
938 2026 1033 2087 exisse

66 2115 201 2179 constat,
216 2108 396 2169 inventutem
410 2115 441 2168 et
453 2115 526 2168 tunc
539 2113 570 2166 et
583 2109 665 2169 omni
677 2110 735 2169 rita
749 2106 857 2169 deinde
871 2118 1034 2170 aversatam

66 2211 137 2254 enm
150 2199 385 2272 execratamque.

154 2276 287 2337 Antiates
301 2276 333 2336 in
347 2292 452 2354 agrum
468 2271 634 2336 mucorem
647 2272 805 2335 Ardeatem
819 2271 972 2335 Solonium
987 2275 1060 2335 tna

68 2361 225 2423 cursiones
245 2358 389 2420 iecerunt.
422 2356 548 2420 llanlim
568 2356 685 2431 consul,
795 2358 860 2438 ipsc
878 2375 934 2437 per
956 2356 1035 2418 vaie-

67 2444 205 2506 tndinem
219 2443 250 2503 id
269 2441 380 2505 bellum
396 2445 503 2524 exequi
516 2442 686 2523 nequierat,
739 2447 883 2505 citiorem
899 2440 932 2503 L.
948 2440 1034 2521 Papi·

67 2531 150 2590 rium
165 2527 317 2598 Crassum,
339 2529 390 2607 qui
412 2534 475 2588 tum
496 2526 573 2588 forte
591 2534 656 2588 erat
675 2535 810 2606 praetor,
833 2525 920 2595 dixit;
945 2524 982 2587 ab
999 2543 1034 2587 eo

68 2618 215 2757 iiiiii
229 2620 368 2755 liiii
382 2608 951 2775 iriitiilitliiiolil
967 2617 1062 2757 lli

69 2781 184 2860 aliquot
198 2796 317 2840 menses
335 2779 438 2839 stativa
452 2779 484 2839 in
498 2794 570 2857 agro
584 2780 695 2841 Antiati
706 2779 867 2843 habuisset.

133 2865 219 2924 Anno
235 2864 345 2942 insigni
354 2864 476 2923 victoria
492 2861 528 2922 de
543 2869 586 2922 tot
599 2881 634 2923 ac
649 2871 709 2924 tam
723 2865 893 2944 potentibus
906 2861 1062 2944 populist

72 2948 109 3008 ad
119 2947 178 3008 boc
188 2945 342 3008 consulum
356 2944 477 3007 alterius
489 2944 582 3007 nobili
598 2954 709 3018 morte,
726 2945 847 3008 alterins
858 2947 934 3006 siem
947 2946 1034 3015 truci,

71 3033 111 3092 ita
126 3030 208 3091 claro
226 3030 263 3092 ad
285 3030 459 3091 memoriam
479 3030 623 3112 imperio,
647 3047 818 3093 successere
840 3026 976 3090 consules
988 3027 1033 3088 Ti.

70 3112 212 3175 Aemilius
225 3114 422 3176 Mamercinus
438 3114 472 3187 0.
487 3112 631 3176 Publilius
643 3113 729 3176 Philo
749 3131 846 3193 neque
863 3114 894 3173 in
909 3110 1063 3172 similent

71 3199 226 3259 materiam
241 3214 358 3268 rernm,
380 3204 410 3258 et
425 3198 483 3278 ipsi
504 3205 554 3260 ant
570 3216 691 3260 suarum
714 3216 816 3259 rernm
836 3205 886 3257 aut
906 3196 1034 3274 partium

71 3286 102 3344 in
123 3301 159 3344 re
179 3281 299 3363 publica
317 3283 412 3361 magis
432 3299 520 3362 mam
539 3283 654 3361 patriae
674 3297 831 3343 memores.
861 3280 980 3341 Labros
995 3278 1033 3341 ob

71 3368 224 3447 boniagri
238 3367 337 3428 amissi
351 3363 530 3427 rebellantes
541 3365 573 3425 in
585 3366 696 3445 campis
707 3364 883 3425 Fenectanis
894 3362 1035 3425 inderent

73 3454 404 3532 antrisqneexuerunt.
435 3448 479 3510 ibi
491 3446 632 3520 Publilio,
649 3450 732 3511 cuius
743 3447 834 3510 ductu
843 3449 1061 3530 auspicioqned

73 3553 121 3597 res
133 3543 235 3615 gestae
247 3543 343 3607 erant,
358 3535 390 3596 in
402 3533 583 3596 deditionem
594 3534 757 3614 accipiente
768 3533 888 3595 Latmos
898 3532 1033 3614 populos,
