2575 4067
274 202 366 245 emus
383 201 472 243 mn,
489 200 557 244 can.
574 188 615 240 to.
631 176 671 261 [a.
689 182 724 244 0.
742 179 808 263 216]
963 187 1023 252 333

59 353 100 416 ab
113 354 185 432 ipsis
196 349 394 430 Neapolitanis
405 350 516 411 accitus
530 382 586 419 -,
600 347 722 428 Neapoli
734 366 850 428 quoque
864 349 939 411 siout
950 348 1023 413 Nola

59 438 173 499 omissa
195 435 269 516 petit
288 434 454 497 Nuceriam.
491 451 555 493 earn
576 450 643 493 cum
665 429 844 511 aliquamdiu
864 434 1050 495 circumset

58 520 171 591 disset,
186 535 274 597 saepe
286 521 325 589 vi,
342 535 431 596 saepe
442 515 633 578 sollicitandis
649 516 827 595 nequiquam
839 532 917 576 nunc
926 515 1022 597 plebe,

58 621 144 664 nunc
167 602 365 684 principibus,
397 601 475 663 lame
497 600 614 662 demum
640 602 672 661 ln
694 599 873 661 deditionem
899 601 1020 680 accepit,

58 695 176 766 pactus,
189 695 222 748 ut
233 688 364 748 inermos
371 684 690 764 cumsingulisabirent
698 683 885 745 vestimentis.
906 682 1051 755 deinde,4

59 778 95 832 ut
110 772 162 850 qul
178 790 195 833 a
209 770 355 849 principio
376 769 454 830 mitis
469 768 605 830 omnibus
620 766 728 830 italicis
741 775 860 848 praeter
874 766 1023 830 Romanos

57 854 158 916 videri
171 853 274 924 veNet,
290 853 421 934 praemia
439 861 526 933 atque
540 854 685 924 honores,
709 854 759 933 qul
773 852 972 913 remanserint
989 869 1023 913 ac

59 937 191 999 militare
208 954 307 999 secum
323 936 495 1010 uoluissent,
517 939 680 1018 proposuit.
713 954 769 997 nec
790 954 824 997 ea
847 954 899 1015 spe
921 941 1052 1016 quem-b

62 1039 153 1100 quam
166 1022 272 1082 tenuit:
293 1020 395 1101 dilapsi
410 1038 527 1097 omnes,
550 1039 736 1101 quocumque
750 1021 876 1100 hospitia
896 1027 946 1082 aut
962 1020 1022 1081 ior·

59 1105 156 1166 tuitus
170 1106 260 1166 animi
273 1107 400 1182 impetus
413 1104 494 1176 tulit,
510 1123 566 1185 per
581 1106 757 1186 Campaniae
772 1103 877 1176 urbes,
895 1106 1022 1166 maxime

59 1187 168 1251 Nolam
191 1188 411 1269 Neapolimque.
450 1207 516 1250 cum
540 1188 636 1251 ferme
664 1190 783 1268 triginta
814 1195 965 1250 senatores
988 1192 1050 1249 aet

60 1273 140 1334 sorte
152 1273 266 1352 primus
281 1274 403 1354 quisque
415 1273 543 1352 Capuam
554 1275 710 1354 petissent,
726 1271 837 1334 exclusi
851 1272 928 1343 inde,
944 1272 1022 1352 quod

59 1362 163 1435 portas
176 1355 334 1418 Hannibali
349 1354 536 1430 clausissent,
557 1358 664 1420 Cumas
681 1375 713 1417 se
730 1356 927 1418 contulerunt.
962 1356 1021 1418 Nu·

61 1441 160 1500 ceriae
174 1440 285 1519 praeda
299 1440 385 1501 militi
399 1440 466 1502 data
488 1449 546 1514 est,
567 1440 640 1502 urbs
655 1441 769 1520 direpta
784 1448 870 1521 atque
890 1442 1020 1511 incensa.

123 1523 227 1585 Nolam
241 1522 397 1587 Marcellus
412 1542 472 1586 non
487 1527 532 1586 sui
546 1526 640 1603 magis
651 1525 757 1587 fiducia
776 1524 916 1604 praesidii
934 1541 1021 1604 quam
1034 1531 1047 1578 7

61 1605 211 1669 voluntate
239 1609 406 1689 principum
432 1607 568 1671 habebat.
607 1608 691 1689 plebs
715 1608 872 1670 timebatur
899 1615 929 1669 et
954 1615 1021 1670 ante

62 1693 158 1753 omnis
172 1692 205 1752 L.
219 1692 354 1761 Bantius,
373 1711 460 1771 quern
479 1694 659 1755 conscientia
674 1700 831 1773 temptatae
847 1691 1020 1754 deiectionis

61 1794 97 1837 ac
112 1782 207 1837 metus
220 1794 236 1836 a
249 1781 388 1855 praetore
402 1776 534 1837 Romano
547 1795 625 1838 nunc
640 1778 677 1839 ad
689 1776 886 1856 proditionem
898 1778 1019 1856 patriae,

62 1877 166 1931 nunc,
178 1860 203 1922 si
225 1859 261 1920 ad
279 1859 310 1920 id
324 1859 442 1920 iortuna
458 1858 612 1928 defuisset,
638 1860 675 1921 ad
698 1860 954 1938 transfugiendum
969 1861 1020 1921 sti·

62 1943 201 2006 mulabat.
244 1950 307 2005 erat
330 1943 443 2004 iuvenis
470 1960 538 2004 acer
564 1952 593 2004 et
619 1943 767 2003 sociorum
793 1961 828 2003 ea
846 1950 1048 2023 tempestates

62 2045 155 2108 prope
170 2025 369 2089 nobilissimus
385 2044 484 2106 eques.
521 2027 701 2088 seminecem
718 2043 785 2086 eum
807 2024 843 2085 ad
860 2025 974 2087 Cannas
990 2029 1020 2087 in

63 2129 166 2173 acervo
182 2129 335 2173 caesorum
351 2128 509 2190 corporum
524 2112 676 2172 inventum
688 2115 880 2189 curatumque
892 2107 1021 2188 benigne

63 2197 149 2256 etiam
175 2213 242 2256 oum
265 2195 350 2256 donis
375 2193 522 2256 Hannibal
547 2195 666 2256 domum
691 2194 856 2255 remiserat.
900 2191 938 2253 ob
959 2194 1049 2253 elusa

63 2281 185 2358 gratiam
206 2280 303 2341 meriti
318 2297 383 2340 rem
396 2277 539 2340 Nolanam
555 2280 586 2339 in
601 2280 647 2339 ius
663 2276 867 2357 dicionemque
885 2276 956 2338 dare
971 2294 1020 2337 ro·

62 2363 156 2426 luerat
169 2365 285 2433 Poeno,
310 2363 488 2441 anxiumque
503 2381 570 2423 eum
586 2369 616 2422 et
633 2360 790 2422 sodicitum
808 2378 878 2422 cura
895 2359 1021 2422 novandi

62 2466 111 2508 res
122 2455 241 2526 praetor
256 2446 407 2509 cernebat.
436 2452 567 2507 ceterum
579 2464 645 2507 cum
664 2453 714 2507 aut
728 2463 823 2524 poena
837 2443 1019 2506 cohibendus
1030 2451 1063 2503 to

64 2540 139 2592 esset
161 2540 211 2593 aut
230 2531 375 2593 beneficio
396 2529 613 2603 conciliandus,
636 2529 691 2592 sibi
713 2530 910 2607 adsumpsisse
932 2546 1019 2608 quam

62 2615 139 2676 hosti
156 2615 299 2677 ademisse
321 2615 480 2678 fortemne
497 2622 650 2678 strenuum
669 2613 771 2676 maluit
791 2615 919 2686 socium,
942 2615 1019 2676 acci·

63 2707 182 2778 tumque
200 2698 237 2760 ad
252 2718 283 2761 se
297 2699 426 2780 bemgne
441 2698 583 2780 appellat:
600 2698 708 2762 multos
727 2717 794 2761 eum
810 2697 925 2761 invidos
938 2699 1017 2760 inter·
1029 2704 1057 2756 11

65 2781 213 2860 popularis
226 2781 338 2842 habere
353 2784 423 2844 inde
439 2784 605 2844 existimatu
626 2783 711 2843 facile
733 2801 814 2854 esse,
836 2782 915 2862 quod
932 2800 1019 2842 nemo

64 2864 133 2924 civis
139 2862 268 2924 Nolanus
280 2863 336 2925 sibi
345 2864 526 2936 indicaverit,
542 2883 630 2944 quam
642 2864 733 2925 multa
744 2868 807 2925 eius
819 2866 937 2943 egregia
948 2864 1019 2923 iaci·

64 2964 135 3010 nora
147 2945 285 3008 militaria
291 2957 405 3017 essent;
420 2948 472 3009 sed
479 2949 530 3027 qui
540 2949 572 3008 in
579 2947 719 3010 Romanis
732 2945 900 3008 militaverit
906 2947 1017 3017 castris,
1029 2953 1062 3003 12

64 3050 122 3093 non
135 3048 223 3112 posse
241 3029 396 3092 obscuram
411 3031 474 3092 eius
494 3032 631 3094 virtutem
648 3049 721 3093 esso.
755 3028 863 3092 multos
878 3028 948 3101 sibi,
969 3031 1020 3109 qui

65 3134 129 3178 cum
141 3134 177 3178 eo
187 3114 333 3196 stipendia
346 3115 485 3187 iecerint,
502 3114 631 3188 referre,
649 3118 698 3196 qul
709 3117 754 3176 vir
765 3120 841 3175 esset
855 3112 914 3183 ille,
931 3131 1019 3193 quae·

65 3219 120 3281 qne
140 3208 170 3262 et
190 3200 326 3281 quotiens
352 3197 484 3281 pericula
506 3218 561 3281 pro
584 3199 677 3262 salute
698 3215 733 3263 ac
757 3199 897 3277 dignitate
918 3195 1020 3276 populi

65 3281 186 3347 Romani
201 3284 325 3357 adisset,
341 3286 443 3365 ntique
460 3285 606 3347 Cannensi
616 3284 730 3366 proelio
746 3300 807 3344 non
817 3283 900 3363 prius
919 3298 1016 3361 pugna
1031 3284 1062 3338 ta

66 3366 220 3441 abstiterit,
243 3386 332 3449 quam
353 3387 448 3451 prope
469 3371 609 3449 exanguis
632 3371 720 3436 ruma
737 3365 1020 3448 superincidentium

67 3453 205 3521 virorum,
231 3471 374 3535 equorum
398 3472 606 3536 armorumque
627 3456 666 3517 sit
689 3469 858 3535 oppressus.
895 3452 1018 3531 „itaque
1031 3456 1062 3507 tt
