2575 4067
266 264 308 330 84
476 278 568 320 urana
582 278 652 320 v111.
664 276 732 320 car.
748 263 792 319 33.
806 254 845 337 [a.
857 278 889 317 u.
905 278 931 317 o.
946 251 1009 336 aas]

264 427 532 509 repentestrepitus
543 434 611 486 ante
623 427 735 487 curiam
742 421 1225 485 lictorumsummoventlumaudl·

238 520 328 584 stur,
345 519 376 572 et
388 513 453 591 ipse
465 509 598 571 intensus
610 508 725 579 aderat,
740 514 896 588 postquam
908 509 1044 587 conperit
1056 508 1225 587 profectum

267 616 302 658 ex
316 597 433 667 castris,
452 612 520 655 cum
535 591 672 674 expedito
688 594 820 673 equitatu
835 599 964 653 secutus.
995 594 1102 653 iterata
1117 590 1226 653 deinde

237 680 431 748 ocontentio,
448 688 478 739 et
491 677 599 758 prendi
609 676 734 739 Fabium
748 675 884 755 Papirius
897 676 990 737 iussit.
1021 675 1075 736 ubi
1089 693 1158 738 cum
1173 674 1225 737 de-

264 761 453 844 precantibus
467 760 646 841 primoribus
657 769 775 841 petrum
789 767 877 840 atque
887 761 1025 821 universo
1040 767 1144 821 senatu
1155 777 1225 839 per·

237 856 356 911 7staret
376 849 408 907 in
429 848 546 926 incepto
566 845 678 905 inmitis
698 846 827 915 animus,
855 851 919 905 tum
941 851 1025 923 pater
1040 843 1081 906 bl.
1099 842 1225 906 Fabius:

265 931 408 1013 ‚,quando
419 929 538 1010 qtddem
548 936 566 960 “
582 930 679 1008 inquit
692 927 796 1008 „apud
810 935 841 989 te
857 946 913 989 nec
928 929 1088 989 auctoritas
1105 936 1226 989 senonas

265 1034 322 1078 nec
336 1022 417 1076 aetas
430 1030 510 1085 mea,
528 1013 576 1073 cui
590 1012 747 1074 orbitatem
761 1029 865 1091 paras,
890 1030 946 1073 nec
965 1014 1058 1073 virtus
1072 1010 1225 1073 nobilitas·

264 1119 322 1181 que
336 1099 469 1178 magistri
480 1097 611 1177 equitum
625 1104 686 1158 ate
700 1097 764 1177 ipso
779 1096 921 1158 nominati
936 1094 1026 1166 valet,
1039 1113 1095 1157 neo
1109 1113 1225 1175 preces,

266 1201 342 1264 quae
355 1201 443 1263 saepe
457 1182 573 1243 hostem
587 1180 773 1260 mitigarere,
789 1198 865 1261 quae
882 1180 1006 1241 deorum
1023 1181 1083 1241 iras
1094 1177 1224 1259 placant

265 1267 399 1330 tribunos
421 1265 516 1346 plebis
538 1264 654 1345 appello
678 1272 708 1326 et
724 1282 853 1344 provoco
875 1264 912 1324 ad
933 1262 1076 1343 populum
1097 1281 1225 1342 eumque

237 1352 328 1424 stibi,
343 1351 468 1431 fugienti
482 1351 628 1410 exercitus
642 1349 695 1420 tui,
711 1349 835 1428 fugienti
848 1354 967 1410 senatus
983 1347 1133 1417 iudicium,
1149 1347 1225 1408 iudi·

266 1453 332 1497 cem
347 1434 427 1505 iero,
443 1435 493 1513 qui
507 1440 588 1494 certe
607 1451 685 1495 unus
705 1432 771 1514 plus
791 1450 880 1512 quem
901 1439 952 1493 tue
967 1430 1112 1492 dictatura
1127 1440 1226 1510 potest

265 1518 422 1599 polletque.
452 1515 568 1585 videro,
591 1532 768 1578 cessurrtsue
786 1516 988 1596 provocationi
1009 1515 1063 1586 sis,
1094 1516 1143 1576 ord
1171 1531 1224 1577 rex

237 1602 414 1663 allemands
430 1598 532 1661 tubus
547 1599 688 1662 Hostilius
702 1602 821 1663 eeselt“
853 1618 890 1662 ex
905 1600 988 1661 curia
1004 1600 1037 1659 in
1054 1600 1224 1661 contionem

189 1735 194 1744 .
265 1686 334 1746 itur.
360 1701 501 1764 quocum
517 1685 620 1763 paucis
637 1684 776 1756 dictator,
800 1702 867 1745 cum
885 1683 966 1744 omni
980 1682 1098 1760 agmine
1111 1684 1224 1763 prinei·

264 1785 336 1848 pum
356 1768 495 1846 magister
516 1768 648 1847 eqrritum
668 1785 737 1830 caco
757 1767 950 1839 escendisset,
974 1765 1080 1828 deduci
1098 1784 1166 1828 enm
1188 1767 1224 1830 de

225 1859 258 1912 10
265 1854 369 1915 roccis
383 1852 518 1931 Papirius
534 1852 566 1910 in
588 1860 703 1930 partem
724 1852 897 1913 inferiorem
915 1852 1009 1912 iussit
1040 1858 1160 1913 secutus
1172 1870 1223 1932 pa·

265 1945 327 1997 ter:
343 1935 441 2009 „bene
454 1936 536 2014 agis‘⁴
550 1936 645 2013 inquit
660 1954 762 2008 „cum
771 1954 806 1997 eo
819 1953 874 1997 nos
889 1933 996 1997 deduci
1009 1935 1128 2006 iussisti,
1145 1935 1223 1997 unde

267 2028 297 2082 et
311 2021 417 2100 privati
436 2037 538 2082 vocem
559 2020 678 2082 mittere
698 2028 882 2101 possemus“
913 2019 957 2080 ibi
973 2020 1070 2099 primo
1088 2037 1150 2082 non
1164 2028 1223 2081 tam

225 2112 255 2164 tl
265 2112 426 2186 perpetuae
440 2105 589 2166 orationes
600 2124 689 2186 quam
700 2103 852 2167 altercatio
867 2102 1108 2166 exaudiebantur.
1134 2105 1223 2165 vincit

266 2189 371 2252 deinde
384 2189 541 2269 strepitum
557 2206 615 2250 vox
629 2197 660 2251 et
680 2189 843 2268 indignatio
856 2186 930 2249 labi
951 2189 1045 2258 senis,
1065 2188 1222 2268 increpan-

223 2279 256 2331 12
265 2276 301 2335 tis
316 2272 485 2355 superbiam
500 2271 763 2355 crudelitatemque
782 2272 899 2352 Papiri:
920 2290 953 2333 se
968 2289 1086 2353 quoque
1101 2271 1222 2334 dictato·

265 2376 329 2420 rem
342 2357 454 2420 Romae
469 2356 573 2428 luisse,
589 2375 647 2419 nec
661 2377 720 2420 ase
734 2373 926 2438 memqnam,
944 2374 983 2417 ne
996 2354 1092 2434 plebis
1103 2356 1222 2436 quidem

224 2448 256 2501 13
266 2442 431 2511 hominem,
446 2458 507 2501 non
517 2443 738 2514 centurionem,
754 2459 814 2502 non
826 2439 948 2503 militem
962 2439 1117 2510 violatum
1137 2439 1222 2519 Papl-

264 2527 343 2585 rlum
356 2530 506 2604 umquam
524 2542 560 2584 ex
575 2525 705 2587 bostium
722 2524 860 2596 ducibus,
876 2525 919 2585 sic
934 2542 970 2584 ex
983 2524 1117 2586 Romano
1130 2525 1223 2604 impe·

264 2613 364 2667 ratore
378 2607 531 2667 victoriam
543 2615 572 2668 et
583 2610 766 2689 triumphum
780 2618 892 2689 petere.
922 2619 1064 2689 quantum
1076 2609 1224 2670 interesse

264 2692 343 2751 inter
357 2687 591 2752 moderationem
604 2694 794 2773 antiquorum
809 2700 839 2754 et
849 2710 955 2755 novam
969 2691 1141 2772 superbiam
1155 2709 1223 2754 cru·

227 2771 487 2853 ttdelitatemque!
518 2772 691 2838 dictatorem
710 2777 879 2850 Qrdnctium
902 2777 1109 2840 Gindnnatom
1133 2777 1166 2837 in
1189 2776 1222 2838 b

264 2857 425 2920 Minucium
442 2856 592 2921 consulem
614 2879 651 2922 ex
665 2860 819 2923 obsidione
833 2880 851 2923 a
865 2880 898 2923 se
911 2868 1047 2942 ereptum
1068 2877 1130 2923 non
1145 2858 1224 2922 ultra

263 2943 405 3014 saevisse,
421 2958 510 3023 quam
524 2951 558 3008 ut
571 2942 700 3024 legatum
715 2944 835 3008 eumad
852 2946 1015 3012 exectum
1029 2961 1085 3024 pro
1101 2941 1224 3007 consule

224 3026 457 3108 ttreliuqueret.
489 3026 527 3088 li.
543 3027 665 3090 muium
679 3027 833 3094 Camillum
853 3030 884 3090 in
897 3029 931 3090 b.
946 3028 1052 3102 l'urlo,
1075 3030 1127 3110 qul
1150 3046 1225 3090 con·

265 3118 376 3192 tempta
386 3130 439 3174 sua
453 3117 603 3172 senectute
619 3120 649 3174 et
662 3113 836 3175 auctoritate
849 3113 1018 3175 foedissimo
1032 3131 1100 3175 cum
1116 3121 1224 3174 eventu

263 3204 435 3277 pugnasset,
450 3212 512 3257 non
526 3193 621 3257 solum
635 3198 668 3258 in
685 3200 851 3278 praesentia
868 3196 1054 3259 moderatum
1067 3197 1131 3259 irae
1146 3214 1223 3268 esse,

224 3285 255 3339 tc
263 3297 302 3341 ne
316 3278 387 3361 quid
400 3278 437 3341 de
449 3277 562 3358 collega
572 3296 658 3343 secus
671 3280 779 3364 populo
791 3290 841 3345 aut
853 3282 968 3343 senatui
981 3279 1141 3352 scriberet,
1157 3280 1223 3350 sed,

265 3381 332 3425 cum
347 3365 531 3435 revertisset,
546 3366 730 3444 potissimum
750 3385 785 3429 er
800 3365 928 3429 tribunis
945 3363 1149 3427 considarlbus
1168 3365 1224 3425 ha·

262 3443 377 3518 boisce,
393 3465 496 3525 quem,
517 3464 552 3512 ex
569 3449 689 3531 collegis
704 3452 822 3532 optione
833 3449 870 3512 ab
887 3455 991 3512 senatu
1007 3447 1090 3520 data,
1108 3448 1225 3521 socium

224 3527 322 3590 lislbi
334 3530 452 3609 imperil
472 3529 622 3610 deligeret
659 3553 728 3597 nam
743 3517 844 3616 populi
864 3533 997 3616 quidem,
1020 3551 1113 3614 penes
1133 3549 1223 3614 quem
