2575 4067
251 201 312 262 ³00
427 211 520 253 crans
533 212 610 253 xxn.
626 211 695 253 oar.
711 202 755 249 42.
774 199 815 249 43.
829 203 869 271 [e.
884 214 915 252 u.
931 214 958 252 e.
978 190 1044 273 ⁶38]

250 358 437 441 pabulatores
451 360 565 438 excepti
579 375 596 416 a
610 357 743 418 Numidis
759 357 889 426 luerent,
906 358 1115 436 profugerent
1132 378 1182 420 eo
1198 361 1245 420 die
1268 377 1269 384 ¹

250 443 287 503 ad
314 441 458 503 dominos.
502 441 678 520 deductique
703 440 902 509 adconsules
930 442 1073 502 nuntiant
1100 462 1244 504 omnem

251 528 412 588 exercitum
433 523 605 585 Hannibalis
629 530 712 584 tram
736 525 886 602 proximos
910 532 1025 584 montes
1051 525 1186 587 sedere
1212 529 1242 586 in

211 615 242 667 12
252 609 375 671 insidiis.
396 609 503 669 borum
518 615 702 687 opportunus
716 605 857 668 adventus
875 606 1010 667 consules
1024 609 1171 686 imperii
1185 629 1240 690 pe

251 699 348 755 tentes
361 694 444 762 lecit,
466 709 533 751 cum
548 689 668 750 ambitio
687 690 806 750 alterius
820 708 904 751 suam
917 692 1047 770 primum
1071 693 1168 772 apud
1187 709 1238 754 em
1268 739 1269 768 ,

251 794 341 857 prava
354 774 535 852 indulgentia
554 775 735 834 maiestatem
750 772 892 835 solvisset.
1268 771 1269 776 ’

225 868 238 917 t
280 875 282 877 ’
313 858 413 920 XLIII.
457 855 602 919 Hannibal
627 863 782 935 postquam
807 862 903 918 motos
926 859 1018 935 magis
1044 857 1235 920 inconsulte

251 943 400 1004 Romanos
415 959 503 1020 quam
518 940 556 1001 ad
576 939 711 1001 ultimum
735 949 847 1001 temere
869 949 984 1001 evectos
999 940 1090 1011 vidic,
1115 946 1232 1023 nequi-

225 1035 340 1105 tquam
355 1024 470 1086 detecta
483 1024 586 1084 fraude
606 1025 637 1082 in
653 1030 749 1084 rastra
764 1023 860 1083 rediit.
892 1022 934 1084 ibi
948 1022 1047 1103 plures
1064 1023 1139 1086 dies
1158 1045 1229 1106 pro·

251 1117 318 1188 pter
338 1108 468 1187 inopIem
485 1107 626 1168 frumenti
651 1124 773 1168 manere
793 1107 909 1186 nequit,
935 1125 1070 1185 novaque
1094 1109 1228 1171 consilia
1268 1181 1269 1192 χ

251 1194 283 1254 in
306 1191 368 1253 dies
390 1208 450 1252 non
472 1190 549 1271 apud
564 1189 670 1251 milites
684 1189 779 1251 solum
793 1191 900 1250 mixtos
915 1208 952 1250 ex
963 1188 1150 1253 conluvione
1163 1211 1228 1255 om·
1268 1201 1269 1252 Ἰ

252 1279 333 1337 nium
352 1277 499 1354 gentium,
521 1274 573 1335 sed
595 1275 683 1334 etiem
705 1272 782 1351 apud
795 1273 899 1334 ducem
919 1274 1014 1354 ipsum
1029 1274 1221 1347 oriebantur

224 1367 320 1420 anam
336 1376 403 1420 cum
416 1360 500 1419 initio
516 1359 665 1427 fremitus,
683 1355 790 1417 deinde
807 1363 909 1435 aperta
922 1357 1094 1418 uociferatio
1113 1358 1224 1420 luisset
1268 1377 1269 1406 1

253 1443 474 1522 exposcentium
486 1441 663 1522 stipendium
671 1439 1052 1536 debitumqperentiumque
1062 1459 1221 1503 mnonam

253 1528 366 1605 primo,
381 1533 532 1604 postremo
547 1524 669 1592 famem,
687 1532 716 1583 et
730 1524 951 1584 mercennarios
964 1523 1072 1584 milltes
1085 1527 1220 1586 maxime
1268 1539 1269 1550 ¹

252 1608 375 1687 Hispani
402 1608 520 1685 generis
546 1605 582 1666 de
611 1609 785 1668 transitione
811 1609 925 1686 cepisse
950 1607 1106 1668 consilium
1137 1608 1217 1670 lama

226 1699 344 1760 desset,
368 1692 431 1768 ipse
451 1692 538 1751 ctiam
561 1690 709 1750 interdum
726 1690 872 1751 Hannibal
890 1688 927 1750 de
948 1690 1016 1767 luga
1038 1693 1069 1751 in
1087 1689 1213 1755 Galliam

253 1774 361 1833 dieitur
372 1774 512 1851 agitasse,
531 1775 571 1833 ite
582 1782 615 1834 ut
628 1773 731 1834 relicto
745 1773 877 1853 pedltatu
894 1774 975 1833 omni
986 1791 1053 1834 cum
1065 1774 1214 1853 equitibus

224 1864 284 1918 osc
303 1857 480 1936 proriperet.
512 1875 578 1917 cum
600 1858 674 1918 baec
694 1856 814 1918 consilia
835 1863 921 1935 atque
941 1857 990 1916 bio
1010 1856 1128 1918 babitus
1150 1861 1212 1919 ani-

252 1958 369 2001 morum
388 1948 465 2001 esset
483 1942 516 2000 in
532 1942 649 2008 castris,
672 1958 791 2001 movere
810 1939 879 2000 inde
901 1941 1003 2002 statuit
1023 1942 1055 2002 in
1071 1940 1209 2001 calidiora

253 2030 340 2104 atque
351 2043 386 2084 co
397 2026 557 2086 maturiora
571 2023 715 2085 messibus
722 2023 843 2102 Apuliae
857 2022 929 2093 loca,
945 2023 1033 2083 slmul
1043 2026 1135 2099 quod,
1151 2042 1208 2103 quo

253 2107 369 2187 longius
390 2108 426 2169 ab
446 2107 531 2168 hoste
551 2109 735 2177 recessisset,
760 2107 922 2185 transfugia
943 2108 1119 2187 inpedidora
1137 2106 1206 2168 leri·

225 2192 307 2254 ebus
327 2192 454 2270 iugean
470 2199 576 2251 essent.
605 2191 758 2270 profectus
772 2200 816 2252 cst
832 2199 920 2251 nocte
941 2190 1058 2269 ignibus
1076 2190 1206 2252 similiter

253 2275 337 2337 lactis‘
355 2275 609 2354 tabernaculisque
630 2275 731 2354 paucis
748 2275 923 2352 inspeciem
938 2273 1063 2345 relictis,
1083 2283 1117 2335 ut
1135 2276 1202 2335 insi·

228 2359 370 2420 rdiarum
389 2376 444 2436 par
464 2360 558 2436 priori
579 2365 674 2418 metus
694 2359 859 2418 contineret
878 2359 1035 2419 Romanos.
1081 2356 1132 2419 sed
1150 2374 1201 2438 per

254 2443 380 2503 cundem
399 2442 549 2503 Lucanum
570 2441 716 2503 StatIIium
734 2437 871 2502 orionibus
896 2441 973 2501 ultra
993 2449 1088 2502 castra
1112 2449 1199 2500 trans

252 2544 310 2604 que
334 2527 442 2584 montis
469 2524 625 2604 exploratis
645 2542 713 2585 cum
737 2522 863 2584 relatum
885 2533 962 2586 esset
985 2526 1078 2585 usum
1104 2521 1198 2603 procul

253 2607 380 2666 bostium
392 2625 510 2683 agmen,
523 2617 586 2668 tum
598 2607 635 2666 de
650 2607 832 2686 insequendo
842 2626 878 2668 eo
891 2607 1012 2667 consilia
1026 2609 1127 2685 agitari
1138 2624 1198 2667 coe·

227 2696 313 2768 opta.
343 2707 410 2749 cum
420 2691 573 2768 utriusque
584 2689 712 2750 consulis
727 2689 828 2751 eadem
842 2709 916 2771 quae
928 2698 995 2753 ante
1007 2708 1121 2770 semper
1134 2690 1196 2750 iuis·

156 2813 158 2816 ·
252 2781 297 2834 set
319 2774 477 2843 sententia,
503 2779 633 2833 ceterum
645 2773 771 2836 Varroni
792 2774 855 2834 iere
870 2792 987 2845 omnes,
1010 2773 1100 2835 Paulo
1118 2791 1195 2835 nemo

224 2863 370 2938 epraeter
381 2856 535 2919 Servilium
549 2858 658 2938 primis
671 2859 742 2919 enni
757 2856 906 2918 consulem
919 2859 1125 2929 adsentiretur,
1141 2875 1195 2918 ma·

252 2944 323 3005 ioris
343 2944 435 3023 partis
450 2944 595 3004 sententia
615 2942 653 3002 ad
672 2940 868 3002 nobilitandas
889 2940 973 3003 clade
989 2942 1117 3004 Homena
1130 2942 1195 3003 Cau·

212 3034 243 3083 10
255 3046 308 3088 nas
321 3036 446 3105 urgente
460 3027 521 3087 iate
539 3026 666 3104 proiecti
686 3033 763 3085 sunt.
793 3043 886 3104 prope
901 3044 969 3087 eum
989 3027 1084 3087 vicum
1097 3025 1194 3087 Hanni·

252 3111 301 3173 bel
320 3118 415 3172 castre
436 3118 575 3190 posuerat
596 3126 698 3168 aversa
718 3127 735 3169 a
753 3108 893 3170 Volturno
914 3119 1013 3180 vento,
1036 3110 1194 3189 qnidampis
1268 3093 1269 3174 l

212 3204 240 3253 ιι
255 3195 374 3258 torridis
389 3195 518 3254 siccitate
528 3191 623 3254 nubes
637 3191 765 3271 pulvcris
776 3192 863 3264 uehit.
896 3193 927 3253 id
939 3212 1006 3254 eum
1022 3194 1092 3272 ipsis
1102 3193 1194 3254 cestris

252 3278 493 3359 percommodum
509 3277 576 3348 luit,
599 3283 662 3336 tum
677 3274 804 3335 salutare
816 3277 974 3356 praecipue
987 3275 1115 3337 futurum
1129 3283 1192 3347 erat,

253 3381 321 3424 cum
335 3364 428 3423 eciem
443 3361 619 3438 dirigerent,
640 3360 697 3436 ipsi
717 3360 825 3429 aversi,
851 3368 933 3436 terga
953 3367 1065 3420 tantum
1081 3359 1192 3421 adllante

252 3453 355 3515 rento,
371 3446 402 3504 in
416 3452 602 3504 occaecatum
616 3441 737 3520 pulvere
757 3441 848 3501 effuso
863 3442 978 3503 bostem
996 3445 1155 3521 pugnaturi
