2575 4067
257 230 352 272 omns
368 231 437 273 vm.
455 229 524 274 ose.
540 220 581 272 23.
599 210 638 293 [a.
656 214 691 277 (i.
710 222 770 277 ³²8.
787 216 848 298 3271
999 227 1038 288 73

74 378 403 442 abSamnitlbusioron
424 378 502 440 ultro
513 379 687 442 incusabant
698 384 1036 459 iniuriasliomanorum,

72 481 210 544 nequeec
218 462 422 543 neglegentius
430 483 473 534 ea,
481 465 632 544 quaeipsis
644 465 842 538 obicerentur,
857 472 1038 551 purgabant:

70 548 147 609 baud
169 546 231 608 ullo
254 546 372 626 publico
396 547 519 610 consilio
536 548 680 611 auxiliove
699 551 791 613 iuvari
814 554 958 627 Graecos,
983 566 1067 618 neco

69 631 247 694 Fundanum
258 632 486 695 Formianumve
501 651 518 694 a
532 651 564 694 se
577 632 764 697 sollicitatos:
795 639 903 718 quippo
915 641 1037 702 minime

68 718 225 796 paenitere
247 733 279 776 se
301 717 406 778 virium
424 735 559 788 suarum,
585 720 610 778 si
625 717 735 781 bellum
752 718 876 798 placeat.
907 731 1065 785 ceterumc

67 818 126 861 uon
139 817 231 880 posse
240 798 425 862 dissimulare
437 818 526 880 aegre
535 802 597 880 pati
608 803 754 865 civitatem
762 803 945 877 Samnitium,
958 807 1037 886 quod

66 882 222 963 Fregellas
238 902 274 945 ox
285 882 398 947 Volscls
409 892 509 965 captas
523 885 693 966 dirutasque
705 886 741 948 ub
756 906 788 949 se
802 891 967 952 restituerit
979 891 1037 952 Ro-

65 986 176 1030 manus
195 966 338 1049 populus,
358 966 562 1050 coloniamque
580 972 612 1030 in
633 971 808 1034 Samnitlum
824 991 896 1053 agro
916 974 1036 1055 inposu-

65 1054 162 1123 erint,
178 1069 266 1132 mam
278 1051 488 1114 colonleorum
496 1052 648 1132 Fregellas
660 1055 817 1136 appellent.
844 1076 910 1118 eam
921 1076 954 1119 se
965 1069 1063 1119 con-7

64 1135 223 1198 tumeliam
237 1137 450 1217 iniuriamne,
469 1138 500 1197 nl
515 1136 573 1198 sibi
588 1136 624 1198 ab
640 1140 692 1208 iis,
708 1141 759 1220 qui
773 1140 912 1211 iecerint,
936 1141 1035 1203 dema-

64 1228 126 1291 tur,
142 1222 228 1300 ipsos
243 1221 324 1281 omni
338 1222 366 1281 vi
380 1219 554 1300 depulsuros
568 1240 642 1282 esse.
675 1241 742 1284 cum
758 1222 908 1286 Romanus
923 1224 1063 1303 legatus8

64 1303 100 1365 ad
122 1303 353 1384 disceptandum
376 1322 427 1365 eos
447 1304 484 1365 ad
505 1322 678 1367 communes
698 1308 794 1368 socios
816 1316 903 1388 atquo
926 1310 1037 1372 amicos

63 1395 202 1450 vocaret:
229 1434 247 1458 „
256 1388 327 1468 quld
341 1387 482 1469 perplexe
496 1390 628 1467 agimusi
637 1398 657 1424 “
670 1390 779 1471 inquit,
795 1437 814 1463 „
824 1399 925 1454 nostra
939 1401 1035 1455 certa·

61 1474 164 1541 mina,
186 1471 327 1540 Romani,
350 1490 410 1534 uon
425 1472 514 1533 rerba
531 1472 696 1552 legatorum
711 1493 766 1537 nec
788 1476 940 1538 bominum
956 1479 1035 1557 quis·

62 1575 157 1637 quam
175 1555 370 1635 disceptator,
387 1556 439 1618 sed
457 1574 579 1638 campus
590 1559 771 1640 Campanus,
787 1562 818 1621 in
836 1579 894 1640 quo
908 1579 1034 1623 concur·

61 1640 195 1701 rendum
215 1647 274 1709 est,
302 1648 331 1700 et
350 1658 432 1701 arma
455 1650 485 1703 et
505 1645 670 1705 communis
691 1644 770 1706 biars
793 1643 863 1706 belli
884 1645 1033 1708 decernet

61 1724 194 1804 proinde
205 1724 284 1785 inter
296 1724 424 1803 Capuam
436 1724 664 1808 Suessulamque
675 1736 771 1790 castra
783 1731 887 1791 castris
898 1731 1063 1793 comere-t

61 1827 130 1870 mus
143 1815 189 1887 et,
203 1808 319 1869 Samnis
331 1809 519 1871 Romanusne
534 1812 659 1891 imperio
671 1811 782 1875 ltaliam
794 1823 912 1893 regant,
929 1814 1032 1878 decer·

62 1901 204 1955 namus.“
235 1890 323 1972 legati
344 1892 544 1956 Romanorum
566 1913 633 1957 cum
654 1915 686 1957 se
710 1914 770 1959 non
791 1916 849 1978 quo
870 1898 962 1960 bostis
981 1918 1031 1961 ro·
1044 1907 1076 1959 lo

62 1981 177 2045 cesset,
206 1976 259 2038 sed
285 1994 343 2056 quo
368 1978 562 2058 imperatores
588 1981 634 2040 sul
661 1980 826 2050 duxissent,
854 1982 947 2042 ituros
969 2001 1033 2045 esse

61 2058 291 2142 respondissent
306 2059 369 2122 ***.
398 2062 457 2123 iam
473 2060 616 2124 Publilius
632 2063 712 2124 inter
727 2063 905 2145 Palaepolim
918 2066 1032 2148 Neapo-

61 2144 177 2224 limque
194 2143 259 2205 loco
275 2153 421 2225 oportune
437 2153 522 2226 capto
538 2146 699 2207 diremerat
712 2147 846 2209 hostibus
861 2149 1033 2211 societatem

62 2228 168 2291 auxilil
182 2231 291 2300 mutui,
309 2247 380 2308 qua,
395 2236 428 2290 ut
444 2230 569 2309 quisque
584 2228 667 2290 locus
682 2238 887 2310 premeretur,
910 2231 988 2290 inter
1000 2251 1033 2293 se

61 2315 109 2375 usi
133 2311 261 2374 lucrant.
293 2315 393 2393 itaque
416 2332 483 2375 cum
501 2320 531 2374 et
554 2314 742 2375 comltiorum
759 2313 822 2374 dies
841 2314 981 2384 instaret,
1004 2323 1034 2376 et
1044 2324 1073 2375 11

62 2394 225 2459 Publilium
242 2399 437 2459 inminentem
459 2397 587 2460 hostium
605 2399 699 2461 muris
718 2399 834 2459 avocari
854 2396 892 2458 ab
914 2415 967 2478 spe
984 2415 1033 2459 ca·

62 2480 193 2562 piendae
205 2482 237 2542 in
252 2480 315 2543 dics
331 2481 414 2543 urbis
428 2482 506 2544 haud
522 2480 720 2562 erepublica
738 2490 829 2553 esset,
850 2488 947 2545 actum
964 2500 1031 2545 cum

62 2565 193 2626 tribunis
219 2573 279 2634 est,
304 2565 341 2626 ad
361 2565 502 2646 populum
523 2567 650 2638 ferrent,
680 2575 726 2639 ut,
748 2585 817 2629 cum
838 2567 873 2640 Ο.
888 2565 1031 2629 Publilius
1043 2576 1075 2626 12

62 2649 151 2710 Philo
168 2648 322 2711 consulatu
340 2649 462 2725 abisset,
487 2651 680 2731 proconsule
703 2670 767 2714 rem
782 2659 915 2731 gereret,
936 2652 1031 2733 quoad

65 2732 247 2795 debellatum
262 2751 329 2795 cum
346 2733 468 2796 Graecis
483 2743 569 2797 esset.
596 2736 629 2797 L.
647 2736 798 2807 Cornelio,
820 2738 888 2817 qula
908 2753 946 2798 ue
962 2756 1027 2800 eum
1043 2744 1074 2797 13

64 2816 187 2896 quidem
209 2819 241 2878 in
262 2818 414 2879 Samnium
437 2820 496 2880 iam
521 2819 687 2898 ingressum
708 2823 841 2882 revocari
861 2819 897 2881 ub
919 2821 1032 2901 impetu

64 2899 136 2961 belli
152 2900 303 2981 placebat,
325 2902 441 2963 litterae
464 2903 584 2975 missae,
605 2912 639 2964 ut
654 2902 828 2966 dictatorem
845 2904 1031 2965 comitiorum

65 3002 153 3047 causa
169 2986 290 3047 diceret.
320 2984 393 3046 dixit
406 2985 444 3047 bl.
460 2986 612 3049 Claudium
627 2986 813 3054 Marcellum
835 2984 871 3046 ab
888 2987 1074 3064 osmugi-14

66 3076 127 3130 ster
144 3071 275 3150 equitum
294 3069 388 3131 dictus
404 3070 455 3149 Sp.
472 3069 650 3133 Postumius.
681 3089 737 3132 nec
757 3077 858 3131 tamen
878 3067 915 3130 ab
940 3067 1030 3130 dictu·

66 3165 130 3215 tore
152 3155 270 3215 comitia
289 3161 358 3215 sunl
378 3152 492 3225 habita,
513 3156 595 3234 quia,
617 3156 726 3217 vitione
750 3161 866 3216 creatus
887 3161 978 3222 esset,
999 3154 1030 3213 lu

66 3236 301 3319 disquisitionem
317 3239 406 3299 venit.
441 3237 566 3300 consulti
577 3256 705 3317 augures
716 3239 852 3299 vitiosum
865 3235 957 3296 videri
969 3235 1030 3297 dic·

64 3328 192 3384 tatorem
207 3324 481 3401 pronuntiaverunt.
513 3340 578 3383 eam
593 3340 658 3382 rem
675 3321 787 3384 tribuni
804 3326 970 3400 suspectam
985 3320 1029 3381 in·
1041 3328 1073 3380 lb

66 3404 235 3486 lamemquc
250 3405 434 3468 criminando
449 3405 599 3465 iecerunt:
629 3422 699 3466 nam
721 3422 818 3484 nequo
835 3401 920 3465 lacile
940 3402 1030 3467 fusse

65 3489 95 3550 id
106 3492 211 3552 vitium
225 3493 317 3562 nosci,
335 3508 401 3552 cum
412 3488 516 3552 consul
532 3490 631 3550 oriens
641 3488 679 3550 de
694 3497 780 3551 nocte
791 3487 908 3550 silentio
920 3488 1031 3551 diceret
