2575 4067
243 238 305 299 284
416 250 510 292 umes
524 249 603 291 1111.
621 247 687 292 oar.
705 236 749 288 24.
762 236 804 286 25.
823 226 864 307 [a.
880 251 910 289 u.
930 250 955 289 o.
969 226 1032 308 537]

242 405 302 459 tem
323 398 471 477 recepisse
486 414 569 465 suos,
592 395 758 456 Romanum
771 400 938 456 insecutum
953 395 1115 456 adiuvante
1137 397 1241 458 Sam·

203 483 304 541 lenite
322 480 380 542 duo
400 479 518 541 castella
542 497 577 541 eo
601 480 650 539 die
671 495 864 558 expugnasse.
905 495 957 538 sex
973 479 1054 539 milia
1079 478 1238 541 hostium

243 581 342 635 caesa,
355 565 484 644 qulnque
498 561 656 625 admodum
671 561 888 623 Romanorum:
903 568 1002 622 tamen
1017 563 1049 622 in
1066 569 1137 623 tam
1157 564 1235 642 pari

241 666 335 728 prope
350 646 433 709 clade
448 648 555 708 lamam
567 646 704 724 egregiae
716 646 856 706 victoriae
865 662 931 705 oum
945 645 1119 707 vanioribus
1139 645 1235 707 litte·

244 733 285 793 ris
301 732 434 809 magistri
450 732 580 810 equitum
602 730 724 789 Romam
739 728 893 808 perlatam.

217 822 230 872 1
303 816 389 877 XXV.
419 815 461 874 lle
480 815 517 874 iis
537 813 626 874 rebus
646 830 790 891 persaepe
811 819 841 874 ot
860 813 890 873 in
910 820 1014 873 senatu
1029 821 1058 872 et
1080 812 1114 871 in
1145 831 1229 873 con·

216 900 322 960 atione
345 907 442 959 actum
464 905 517 959 est.
563 914 630 957 oum
650 895 732 972 ,laeta
752 897 869 956 ciuitate
892 894 1017 956 dictator
1035 912 1114 956 unus
1141 895 1227 956 nibil

245 1000 301 1044 neo
322 982 418 1043 lamae
433 998 489 1041 nec
508 980 613 1043 litteris
628 977 765 1040 crederet
778 989 820 1048 et,
843 987 876 1040 nt
897 996 965 1039 vera
981 980 1080 1039 omnia
1097 988 1215 1040 essent
1275 1029 1276 1060 3

215 1065 372 1127 asecunda
392 1082 425 1125 se
446 1065 538 1143 magis
555 1080 643 1143 mam
664 1061 785 1123 adversa
808 1063 912 1123 timere
935 1061 1061 1131 diceret,
1084 1069 1157 1126 turn
1173 1060 1222 1124 M.

242 1147 375 1210 Metellus
401 1147 536 1210 uibunus
561 1145 656 1225 plebis
680 1144 711 1205 id
732 1148 811 1206 enim
834 1144 989 1206 ferendum
1012 1163 1076 1206 esse
1101 1155 1220 1225 negat:

217 1240 304 1293 anon
319 1239 505 1312 praesentem
523 1230 617 1292 solum
634 1229 808 1290 dictatorern
822 1228 970 1290 obstitisse
991 1231 1035 1288 rei
1054 1227 1138 1290 bene
1163 1248 1218 1308 ge·

243 1317 368 1386 rendae,
388 1315 440 1377 sed
455 1314 608 1376 absentem
621 1314 711 1374 etiam
730 1319 828 1391 gestae
843 1311 961 1373 obstare
977 1320 1007 1373 et
1021 1313 1052 1372 in
1067 1311 1217 1374 ducendo

243 1398 321 1461 bello
333 1397 398 1480 [ac]
410 1397 528 1468 sedulo,
544 1406 659 1475 tempus
669 1403 781 1464 terere,
798 1414 856 1475 qno
869 1394 977 1457 diutius
991 1397 1022 1456 in
1032 1397 1215 1472 magistratu

243 1485 281 1543 sit
300 1482 437 1562 solusque
457 1492 487 1542 et
507 1483 617 1543 Romae
639 1487 669 1540 et
696 1481 727 1539 in
750 1480 882 1541 exercitu
901 1480 1059 1559 imperium
1081 1478 1208 1540 babeat·
1276 1547 1277 1560 χ

215 1568 351 1646 equippe
367 1562 520 1626 consulum
533 1563 659 1626 alterum
676 1565 708 1623 iu
719 1563 781 1623 acie
794 1561 949 1633 cecidisse,
966 1562 1091 1623 alterum
1107 1564 1211 1641 specie
1274 1575 1277 1682 p

243 1648 345 1709 classis
360 1649 488 1709 Punicae
503 1646 726 1726 persequendae
746 1644 850 1726 procul
866 1646 903 1707 ab
919 1645 1000 1707 ltalia
1020 1644 1208 1723 ablegatum:
1277 1687 1278 1748 p

216 1731 317 1791 oduos
345 1737 497 1808 praetores
527 1728 624 1791 Sicilia
656 1738 744 1809 atque
771 1729 905 1791 Sardinia
933 1737 1106 1809 occupatos,
1136 1748 1207 1792 cum

242 1820 347 1875 neutra
369 1813 426 1874 hoo
440 1820 580 1893 ‘tempore
602 1815 753 1892 provincia
773 1822 911 1892 praetore
932 1820 1029 1892 egeat,
1052 1812 1090 1874 bl.
1109 1812 1204 1874 Minn-

241 1898 319 1959 oium
334 1897 506 1975 magistrum
523 1898 669 1977 equitum,
689 1915 727 1958 ue
744 1896 859 1958 bostem
874 1896 1001 1967 videret,
1023 1894 1146 1975 nequid
1161 1898 1206 1957 rai

215 1979 364 2043 ¹ibellieae
377 1988 508 2059 gereret,
525 1999 619 2061 prope
634 1982 665 2041 in
677 1978 840 2042 custodiam
852 1979 994 2042 habitum.
1022 1982 1121 2058 itaque
1135 1979 1205 2040 her·
1278 2041 1279 2048 χ

243 2064 308 2126 oule
324 2083 384 2126 non
400 2064 552 2127 Samnium
570 2064 676 2134 modo,
699 2081 756 2143 quo
770 2064 830 2124 iam
847 2072 995 2143 tamquam
1015 2071 1098 2124 trans
1114 2059 1204 2124 ilibe-
1278 2071 1279 2102 ³

243 2165 309 2210 rum
325 2167 396 2228 agro
411 2149 519 2210 Poenis
533 2165 705 2209 conoessum
719 2149 771 2216 sit;
785 2145 838 2207 sed
852 2147 1034 2227 Campanum
1048 2145 1202 2222 Calenum·

241 2251 299 2313 que
319 2241 349 2293 et
362 2233 520 2294 Falernum
541 2249 644 2311 agrum
666 2238 846 2309 pervastatos
866 2248 931 2292 esse
951 2231 1072 2293 sedente
1085 2229 1202 2292 Casilini

242 2315 385 2377 dictatore
398 2324 428 2377 et
441 2314 605 2394 legionibus
616 2314 717 2394 populi
728 2314 853 2375 Romani
869 2332 972 2393 agrum
984 2332 1069 2375 suum
1080 2320 1201 2374 tutante.

215 2401 405 2461 texercitum
420 2401 588 2479 cupientem
603 2416 736 2477 pugnare
752 2405 780 2458 et
795 2399 967 2477 magistrum
982 2398 1113 2478 equitum
1125 2397 1201 2458 clau·

241 2501 290 2543 sos
301 2501 394 2562 prope
404 2484 482 2544 iutra
493 2482 599 2542 vallum
613 2490 760 2551 retentos,
777 2489 925 2561 umquam
936 2479 1070 2543 hostibus
1081 2482 1200 2559 captivis

214 2572 324 2626 aarma
345 2565 491 2645 adempta.
519 2565 654 2635 tandem,
675 2573 707 2624 nt
728 2564 903 2627 abscesserit
922 2565 992 2626 iude
1009 2564 1148 2632 dictator,
1170 2572 1201 2625 ut

241 2645 394 2707 obsidione
414 2648 568 2717 liberatos,
591 2655 674 2708 extra
697 2647 803 2708 vallum
819 2666 953 2727 egressos
977 2647 1087 2709 fudisse
1103 2666 1138 2709 ac
1156 2647 1200 2708 lu·

202 2736 232 2787 to
244 2746 327 2808 gasse
347 2730 449 2790 hostis.
480 2748 552 2809 quas
567 2729 605 2790 ob
622 2747 687 2801 res,
709 2732 734 2791 si
750 2732 887 2811 antiquus
903 2735 1017 2794 animus
1031 2729 1129 2811 plebei
1144 2731 1199 2792 lio-

242 2830 347 2875 manae
362 2822 452 2884 esset,
472 2813 623 2875 audaciter
644 2830 678 2875 se
699 2812 826 2876 laturum
844 2815 933 2876 luisse
948 2813 1049 2898 [dein]
1064 2815 1102 2875 de
1116 2814 1199 2876 abro-

242 2896 338 2977 gando
355 2897 389 2969 O.
412 2898 485 2960 Fabi
504 2899 643 2978 imperio;
665 2915 745 2959 nuuc
763 2898 909 2960 modicam
928 2901 1112 2977 rogationem
1133 2917 1200 2977 pro·

241 2982 439 3061 mulgaturum
461 2982 498 3043 de
519 2982 671 3062 aequando
693 2982 826 3060 magistri
848 2984 978 3061 equitum
1001 2989 1031 3042 et
1053 2981 1199 3043 dictatoris

202 3073 230 3125 ιι
243 3067 318 3128 iure.
346 3084 402 3127 neo
419 3073 519 3127 tamen
534 3082 572 3126 ne
587 3067 627 3126 ita
641 3064 760 3145 paridem
776 3067 858 3143 prius
876 3066 1051 3127 mittendum
1067 3064 1103 3125 ad
1118 3082 1198 3126 exer·

241 3151 332 3211 citum
353 3150 387 3221 Q.
410 3149 547 3218 Fabium,
572 3167 660 3229 quam
681 3147 831 3210 consulem
852 3150 883 3210 in
903 3149 1002 3211 locum
1027 3149 1058 3211 G.
1077 3148 1197 3209 Flamini

202 3234 416 3295 rasunecissei.
462 3233 587 3294 dictator
608 3231 794 3293 contionibus
815 3250 847 3293 se
869 3232 1008 3294 abstinuit
1034 3234 1065 3292 in
1086 3233 1197 3294 actione

241 3318 362 3377 minime
373 3316 531 3397 popularis.
553 3333 591 3377 ne
602 3316 633 3376 ln
644 3322 749 3377 senatu
760 3316 878 3395 quidem
890 3318 959 3378 satis
971 3318 1072 3395 aequis
1083 3314 1196 3377 auribus

241 3399 428 3470 audiebatur,
442 3398 551 3481 [huno]
564 3417 631 3461 cum
642 3399 758 3460 hostem
770 3399 867 3461 verbis
878 3399 1032 3461 extolleret
1043 3399 1195 3478 biennique

242 3481 340 3543 clades
353 3501 408 3560 per
424 3485 619 3544 temeritatem
634 3490 722 3562 atque
741 3483 924 3544 inscientiam
941 3482 1048 3544 ducum
1067 3491 1195 3562 acceptas
