2575 4067
240 198 303 261 296
446 208 539 251 omna
550 208 627 250 xxn.
643 207 711 252 oar.
725 194 769 250 39.
787 187 826 269 [a.
840 211 871 250 u.
887 210 913 251 e.
926 188 990 270 538]

210 356 329 426 amun,
351 373 567 437 supervacanea
590 364 668 418 essm
688 357 782 416 oratio
805 372 885 425 mea;
908 372 976 416 nam
999 362 1029 417 et
1047 356 1121 417 duo
1152 356 1240 419 boni

239 439 376 501 consules
390 441 479 500 etiam
492 438 709 500 maledicente
729 439 828 500 omnia
853 456 870 500 a
892 457 926 500 re
945 437 1069 519 publica
1091 440 1241 516 fideque

239 530 334 586 rosim
349 523 485 584 laceretis
499 530 529 583 et
548 520 619 583 mali
631 525 687 582 n'ec
699 540 765 584 moa
779 520 869 584 verba
883 521 1002 583 auribus
1022 525 1154 584 vestris
1175 542 1239 585 nec

211 605 361 668 tconsilia
376 607 481 668 animis
501 606 683 685 acciperetis.
714 623 793 666 nunc
807 612 837 667 et
850 605 1003 684 conlegam
1021 614 1120 667 tuum
1140 614 1182 667 et
1203 613 1236 667 te

238 689 328 752 talem
345 691 441 752 viuum
455 689 582 750 intuenti
600 687 674 750 mihi
694 695 792 749 tecum
807 690 903 750 omnis
917 690 1012 749 oratic
1030 697 1094 760 est,
1182 708 1233 751 em

239 774 324 836 rideo
341 774 519 853 nequiquam
533 779 563 832 et
578 772 674 832 virum
688 770 801 833 bonum
813 780 843 833 et
859 773 951 833 civem
968 772 1049 843 iore,
1070 774 1098 833 si
1117 791 1140 834 a
1156 782 1229 835 tera

239 864 323 938 parte
345 855 462 918 claudet
482 853 682 935 respublica,
706 853 791 915 malis
811 854 940 917 consiliis
960 854 1037 916 idem
1061 874 1100 917 ao
1127 856 1228 918 bonis

212 942 312 1002 iiuris
328 949 358 1002 et
379 940 532 1020 potestatis
545 939 611 999 erit.
644 956 727 1000 erras
749 940 844 1010 enim,
862 938 895 1000 L.
910 937 1015 1007 Paule,
1037 938 1151 1021 sitibi
1166 941 1226 1001 mi·

239 1042 296 1086 ntus
314 1024 482 1086 certaminis
503 1039 570 1083 uum
585 1021 616 1084 G.
629 1020 768 1083 Terentio
787 1039 952 1101 mansuum
967 1021 1151 1084 Hannibale
1176 1024 1224 1084 iu·

239 1116 339 1170 turum
360 1124 476 1175 censos:
495 1106 594 1167 nescio
615 1122 653 1166 an
677 1104 810 1165 infestior
830 1105 879 1165 hic
904 1104 1092 1168 adversarius
1119 1124 1220 1186 quam

239 1191 289 1254 iile
303 1192 396 1255 bostis
409 1195 526 1252 mancat
541 1195 585 1258 te,
602 1196 631 1249 et
645 1206 713 1249 cum
727 1186 779 1249 illo
794 1190 824 1249 in
839 1189 901 1249 acic
915 1195 1043 1259 tantum
1062 1206 1142 1250 cum
1160 1191 1222 1250 hoc

213 1275 378 1338 nomnibus
397 1273 470 1335 locis
491 1290 525 1335 ac
546 1271 729 1350 temporibus
747 1273 788 1333 sis
809 1279 990 1343 certaturus,
1008 1279 1038 1332 et
1062 1272 1220 1336 adversus

240 1358 434 1422 Hannibalem
457 1356 647 1436 legionesque
668 1348 731 1415 eius
750 1356 808 1416 tuis
829 1354 976 1434 equitibus
997 1373 1032 1416 ac
1052 1354 1218 1435 peditibus

241 1442 431 1525 pugnandum
451 1440 504 1502 tibi
525 1441 578 1511 sit,
606 1438 699 1500 Varro
720 1437 779 1499 dux
799 1440 857 1499 tuis
876 1436 1017 1499 militibus
1038 1446 1069 1500 te
1091 1440 1136 1500 sit
1160 1459 1215 1519 op·

214 1532 432 1608 opugnaturus.
478 1524 583 1585 ominis
614 1523 701 1583 etiam
727 1521 781 1584 tibi
806 1539 893 1583 causa
919 1521 996 1583 absit
1021 1522 1052 1584 C.
1076 1521 1214 1584 Flamini

241 1613 392 1673 memoria.
419 1617 517 1670 tamen
539 1607 588 1668 iile
602 1607 705 1670 consul
719 1607 837 1670 demum
852 1615 882 1669 et
903 1609 935 1668 in
949 1608 1103 1689 provincia
1117 1615 1153 1668 et
1173 1606 1211 1668 ad

242 1696 403 1755 exercitum
421 1694 518 1772 coepit
535 1692 649 1761 lurere3
672 1691 735 1763 hic,
755 1693 925 1778 priusquam
938 1698 1053 1773 peteret
1066 1689 1209 1753 consula·

241 1785 319 1846 tum,
343 1774 450 1837 deinde
473 1776 505 1835 in
524 1774 652 1856 petendo
673 1775 839 1847 consulatu,
861 1793 941 1837 nunc
953 1793 1070 1855 quoquc
1090 1772 1205 1843 consid,

213 1861 411 1941 'ipriusquam
427 1867 522 1921 castra
544 1858 639 1920 videat
655 1866 704 1921 aut
722 1859 852 1930 hostem,
873 1861 990 1921 insanit.
1020 1859 1118 1938 etqui
1140 1867 1205 1919 tan·

241 1953 286 2006 tas
304 1944 363 2005 ianr
385 1961 464 2005 nunc
485 1942 630 2022 procellas
648 1942 759 2023 proelia
774 1951 861 2022 atque
875 1945 954 2005 acies
973 1942 1109 2005 iactando
1123 1942 1204 2002 inter
1276 1937 1277 1992 i

242 2034 357 2107 togatos
373 2028 444 2098 ciet,
457 2027 527 2107 quid
543 2028 622 2088 inter
636 2035 778 2088 muratam
792 2028 972 2088 iuventutem
989 2044 1092 2087 censes
1109 2025 1203 2085 lactu·

214 2119 308 2173 erum
321 2119 350 2172 et
360 2111 412 2172 ubi
423 2110 569 2192 extemplo
581 2128 628 2171 res
639 2109 729 2171 verba
740 2111 890 2190 sequituri
918 2111 999 2190 atqui
1008 2111 1033 2171 si
1043 2109 1106 2178 hic,
1123 2107 1201 2187 quod

243 2196 389 2257 iacturum
404 2213 436 2256 se
453 2194 620 2266 denuntiat,
638 2192 784 2273 extemplo
798 2195 985 2274 pugnaverit,
1003 2200 1054 2255 aut
1067 2211 1122 2271 ego
1137 2209 1200 2252 rem

243 2279 414 2349 militarem,
432 2276 570 2338 bellihoc
581 2294 687 2355 genus,
700 2276 816 2339 hostem
827 2277 906 2338 hunc
918 2278 1037 2357 ignoro,
1057 2285 1107 2338 aut
1118 2274 1197 2336 nobi·

214 2361 298 2423 iiior
309 2361 382 2424 alius
393 2362 595 2422 Trasumenno
609 2359 692 2421 locus
707 2361 817 2422 nostris
833 2360 965 2422 cladibus
977 2362 1042 2423 erit
1073 2377 1128 2420 nuc
1138 2358 1197 2438 glo·

244 2444 339 2506 riandi
360 2453 475 2523 tempus
492 2443 631 2504 adversus
651 2460 742 2505 unum
762 2452 821 2515 est,
851 2452 881 2505 et
906 2462 961 2523 ego
984 2441 1196 2506 contemnendo

243 2530 340 2606 potius
362 2546 449 2606 quam
474 2526 640 2607 adpetendo
662 2526 785 2605 gloriam
800 2526 920 2589 modum
935 2528 1125 2597 excesserim
1147 2524 1196 2587 sed

242 2611 282 2668 ita
296 2626 345 2669 res
363 2627 395 2669 se
415 2608 519 2669 hahet:
542 2628 600 2670 una
616 2611 692 2670 ratio
711 2609 782 2670 belli
801 2611 925 2689 gerendi
939 2609 1078 2673 adversus
1091 2610 1196 2671 Hauni-

203 2699 235 2750 io
244 2688 342 2751 halem
355 2699 413 2761 est,
433 2708 490 2769 qua
506 2708 559 2767 ego
575 2693 668 2769 gessi3
688 2709 743 2752 nec
755 2701 875 2755 eventus
886 2694 974 2755 modo
992 2695 1050 2756 hoc
1066 2694 1195 2755 docet—

244 2772 401 2836 stultorum
415 2773 470 2833 iste
487 2774 627 2851 magister
644 2781 689 2835 est
701 2810 760 2848 —,
780 2777 833 2837 sed
843 2777 945 2839 eadem
956 2779 1045 2849 ratio,
1060 2795 1132 2858 quae
1144 2776 1195 2837 iuit

244 2859 417 2938 futuraque,
443 2855 538 2918 donec
549 2875 598 2918 res
615 2859 736 2920 eaedem
758 2860 934 2931 manebunt,
949 2860 1125 2923 inmutabilis
1144 2867 1193 2921 est

203 2944 277 3004 ilin
293 2941 374 3003 italia
398 2939 510 3004 bellum
531 2943 676 3021 gerimus,
697 2942 817 3004 insede
837 2961 871 3004 ac
890 2943 954 3005 scio
967 2952 1083 3015 nostro;
1105 2945 1193 3004 omnia

244 3028 323 3088 circa
343 3024 431 3105 piena
455 3026 561 3087 civium
584 3043 619 3086 ac
639 3027 787 3088 sociorum
810 3035 893 3097 sunt;
920 3030 1010 3090 armis
1032 3029 1100 3089 viris
1119 3028 1193 3107 equis

203 3118 234 3169 12
246 3108 457 3171 commeatibus
477 3111 576 3170 iuvant
592 3109 805 3190 iuvabuntquec
826 3110 858 3170 ld
878 3112 936 3172 iam
959 3111 1028 3174 fidei
1045 3112 1193 3173 documen·
1276 3131 1277 3190 ς

244 3201 306 3255 tum
327 3194 359 3253 in
379 3192 508 3253 adversis
528 3191 618 3254 rebus
641 3195 749 3255 nostris
771 3192 930 3263 dederuni;
960 3195 1110 3266 meliores,
1129 3212 1192 3273 pru·

206 3283 235 3333 is
247 3276 408 3346 dentiores,
425 3277 637 3338 constantiores
652 3295 706 3338 nos
721 3285 837 3355 tempus
853 3278 973 3359 diesque
988 3279 1072 3341 iacit:
1092 3279 1192 3340 llanui·

243 3358 292 3419 bal
307 3367 408 3420 contra
423 3358 576 3431 indicna,
596 3361 628 3419 iu
651 3360 751 3423 hostili
766 3368 810 3422 est
829 3368 923 3434 terra,
941 3364 1021 3424 inter
1035 3363 1128 3424 omnia
1140 3363 1191 3422 ini·
1276 3385 1277 3434 ;

245 3444 319 3501 mica
339 3442 517 3522 infestaque,
542 3442 703 3522 proculab
726 3445 829 3515 domo,
856 3445 892 3506 ab
911 3446 1022 3527 patria;
1043 3464 1134 3527 neque
1152 3445 1190 3507 iiii
