2575 4067
243 244 303 307 158
373 258 467 300 111111
480 260 509 300 x.
524 254 593 302 oar.
611 247 653 302 id.
670 245 712 300 11,
729 235 769 318 [a.
785 239 1012 319 1111114111

203 412 234 467 10
245 408 358 484 nrbque
372 404 549 466 lacesserent
563 406 701 470 cultores
729 403 904 467 militaturos
918 412 1018 464 tamen
1032 420 1079 473 se,
1101 403 1127 464 si
1142 404 1201 464 uti·

243 507 299 568 que
316 488 432 549 Etrusci
455 486 559 559 veiint,
585 489 636 550 sed
660 486 739 553 nulia
754 487 810 549 alia
825 486 979 555 mercede,
1002 504 1092 565 quam
1112 494 1146 547 ut
1168 488 1202 548 iu

242 578 356 650 partem
367 572 431 651 agri
446 572 627 650 accipiantur
642 571 821 651 tandemque
836 568 932 650 aliqua
946 568 1017 631 sede
1029 576 1109 631 certa
1128 587 1201 630 con·

206 662 232 714 ri
244 657 356 716 sistant
389 652 480 715 multa
493 654 531 715 de
548 672 583 716 eo
598 655 721 717 concilia
738 653 915 734 populorum
930 652 1067 715 Etruriae
1089 652 1202 724 habita,

242 756 297 799 nec
313 737 416 818 perfici
425 739 581 817 quicquam
591 741 700 819 potaiit,
720 746 850 798 nontam
864 738 931 816 quia
947 738 1071 797 inminui
1084 753 1201 815 agrum,

243 839 330 903 quam
351 822 419 900 quia
441 821 555 882 accolas
580 821 636 882 sibi
657 823 780 901 quisque
802 820 960 898 adiungere
981 826 1040 881 tam
1060 818 1203 881 elieratae

202 912 234 966 12
244 906 339 984 gentis
354 905 488 964 homines
506 903 656 966 horrebat.
685 907 725 966 ita
749 904 860 965 dimissi
880 902 955 965 Galli
976 904 1133 982 pecuniam
1155 904 1202 963 in·

243 995 361 1068 gentem
376 988 440 1049 sine
455 985 557 1049 labore
569 1006 602 1049 ac
617 986 749 1068 periculo
769 994 902 1067 paratam
923 985 1111 1048 rettuderunt.
1142 986 1203 1047 Ro·

242 1090 307 1133 mae
322 1078 469 1132 terrorem
490 1070 627 1149 praebuit
648 1070 725 1132 lama
745 1069 849 1132 Gallici
870 1069 1011 1132 tumultus
1036 1069 1073 1131 ad
1088 1067 1204 1130 bellum

243 1156 398 1216 Etruscum
416 1153 535 1215 adiecti:
552 1173 587 1215 co
602 1155 698 1215 minus
713 1161 886 1215 cunctanter
903 1153 1007 1214 ioedus
1026 1154 1117 1214 ictum
1133 1170 1203 1213 cum

242 1239 353 1299 Picenti
370 1236 477 1318 popado
493 1246 546 1300 est

213 1327 226 1380 l
301 1321 350 1382 iii.
381 1321 414 1381 Τ.
433 1321 540 1382 llanlio
557 1319 671 1382 consuli
691 1320 841 1399 provincia
858 1320 975 1381 Etruria
991 1326 1071 1380 sorte
1087 1319 1202 1388 euenit:

243 1407 293 1485 qui
307 1404 424 1466 vixdum
440 1406 590 1482 ingressus
604 1405 732 1465 hostiurn
750 1404 816 1465 iinis
831 1421 898 1464 cum
916 1408 1105 1464 exerceretur
1122 1403 1203 1463 inter

243 1490 370 1569 equites,
391 1485 427 1546 ab
450 1487 553 1566 rapido
577 1505 665 1548 cursu
681 1485 908 1564 circumagendo
933 1503 1008 1567 equo
1024 1484 1133 1547 effusus
1150 1502 1203 1547 ex·

242 1569 353 1649 templo
368 1586 461 1648 prope
475 1571 627 1648 expiravit.
653 1571 757 1631 tertius
772 1569 808 1629 ab
824 1588 859 1631 eo
874 1587 947 1644 casu⁴
957 1569 1020 1630 dics
1043 1568 1110 1630 unis
1125 1569 1203 1630 vitae

216 1651 357 1713 sconsull
375 1651 439 1712 luit.
476 1670 534 1732 quo
553 1653 632 1714 velut
648 1655 746 1736 omine
762 1651 833 1713 belli
857 1661 979 1732 accepto
1000 1652 1071 1713 deos
1090 1670 1146 1731 pro
1168 1669 1202 1713 se

245 1734 423 1796 commisisse
437 1734 549 1795 bellurn
570 1744 768 1797 memorantes
782 1736 898 1797 Etrusci
912 1735 1056 1797 sustulere
1076 1736 1201 1796 animos.
1282 1759 1283 1818 }

215 1819 354 1880 allomae
370 1834 438 1878 cum
460 1817 606 1879 desiderio
633 1820 689 1878 viri
707 1827 771 1881 tum
797 1818 1038 1881 incommoditate
1058 1820 1203 1898 temporis
1282 1855 1283 1858 =

244 1902 336 1963 tristis
351 1901 470 1961 nuntius
485 1900 552 1972 luit,
576 1910 609 1962 ut
624 1909 724 1981 patres
739 1902 775 1964 ab
789 1901 919 1963 iubendo
935 1903 1077 1964 dictatore
1094 1918 1202 1963 consu·

243 1984 279 2045 lis
296 1983 476 2064 subrogandi
490 1987 606 2046 comitia
622 2003 658 2046 ex
683 1987 827 2047 sententia
849 1987 1018 2065 principum
1035 1983 1135 2047 habita
1149 1983 1201 2046 de·

216 2069 413 2130 sternuerint.
445 2068 483 2129 li.
500 2068 649 2130 Valerium
667 2069 818 2130 consulem
832 2087 935 2130 omnes
950 2070 1114 2131 sententiae
1131 2086 1201 2130 cen·

116 2161 120 2170 ·
243 2154 396 2233 lunaeque
411 2151 525 2224 dixere,
548 2170 636 2232 quem
657 2160 776 2214 senatus
796 2151 970 2213 dictatorem
995 2152 1051 2212 dici
1067 2153 1202 2214 iussurus

242 2236 353 2299 iuerat:
374 2243 435 2296 tum
457 2235 603 2316 extemplo
623 2238 654 2295 ln
675 2237 823 2297 Etrauiam
844 2235 881 2295 ad
901 2235 1033 2313 legiones
1053 2236 1201 2315 proticisci

215 2322 336 2382 iiussit.
376 2319 517 2381 adventus
538 2320 601 2381 elus
622 2320 787 2398 conpressit
801 2318 941 2379 Etruscos
955 2318 1046 2397 adeo,
1063 2326 1096 2380 ut
1113 2337 1201 2380 nemo

243 2411 327 2466 extra
347 2404 529 2464 munimenta
544 2401 645 2481 egredi
668 2402 803 2472 auderet,
828 2403 975 2481 timorque
998 2403 1134 2482 ipsorum
1149 2402 1200 2464 ob·

216 2486 350 2547 tsidioni
370 2483 473 2546 similis
492 2493 578 2547 esset.
615 2503 712 2566 neque
731 2484 797 2547 illos
817 2502 910 2547 novus
932 2484 1034 2547 consul
1053 2486 1201 2548 vastandis

243 2570 322 2645 agris
334 2567 512 2648 urendisque
525 2569 626 2650 teetIs,
641 2586 709 2629 cum
723 2569 833 2650 passim
849 2585 908 2629 non
920 2568 1004 2630 villae
1020 2567 1130 2640 solum,
1148 2567 1201 2629 sod

243 2649 412 2728 frequentes
427 2668 543 2729 quoque
556 2651 612 2710 vici
622 2651 766 2713 incendiis
780 2651 941 2723 fumarent,
959 2651 1066 2714 elicere
1084 2653 1121 2714 ad
1140 2665 1203 2711 eer-

244 2742 341 2794 tamen
357 2733 460 2811 potuit.

215 2820 232 2874 7
288 2857 290 2862 «
305 2816 378 2877 Cum
394 2816 452 2878 boc
463 2818 580 2894 segnius
591 2816 701 2879 bellum
714 2819 853 2896 opinione
870 2828 962 2890 esset,
981 2818 1102 2881 alterius
1120 2818 1199 2890 belli.

243 2900 322 2983 quod
337 2900 436 2962 multis
452 2900 578 2962 invicem
594 2900 726 2963 cladibus
741 2902 819 2964 baud
831 2905 969 2965 inmerito
981 2901 1115 2965 terribile
1127 2910 1199 2973 erat,

243 2986 321 3048 lama
336 2985 515 3056 Picentium,
537 3004 681 3048 novorum
702 2988 866 3056 sociorum,
888 2986 1000 3048 indicio
1022 2994 1126 3049 exorta
1140 2995 1198 3049 cst:

243 3070 389 3131 Samnites
405 3087 488 3129 arnm
502 3077 531 3130 et
547 3068 738 3130 rebellionem
756 3076 905 3150 spectare,
926 3088 1017 3151 seque
1034 3068 1070 3131 ab
1087 3071 1124 3131 lis
1141 3068 1199 3132 sol·

216 3151 368 3215 elicitatos
388 3170 462 3213 csse.
499 3152 668 3214 Picentibus
693 3154 805 3230 gratiae
829 3160 924 3226 actae,
946 3161 977 3216 et
1003 3170 1111 3233 magna
1131 3168 1200 3233 pars

216 3242 332 3297 ecurae
352 3234 486 3315 patribus
510 3235 547 3297 ab
562 3236 680 3297 Etruria
696 3238 726 3296 in
745 3236 891 3299 Samnites
908 3254 992 3300 versa
1013 3245 1066 3298 est.
1093 3236 1200 3298 caritas

243 3321 331 3380 etiam
346 3336 480 3380 annonae
501 3318 654 3381 sollicitam
671 3321 815 3381 civitatem
833 3320 949 3392 habuit,
970 3327 1149 3401 ventumque
1163 3317 1200 3381 ad

242 3402 359 3480 inopiae
369 3400 505 3464 ultimum
518 3402 610 3473 iorel,
626 3410 659 3464 ut
672 3405 834 3484 scripsere,
849 3404 955 3485 quibus
970 3402 1096 3466 aedilem
1110 3403 1201 3465 luisse

244 3498 280 3541 eo
295 3499 372 3542 anno
387 3482 509 3544 Fabium
524 3487 681 3547 blaximum
696 3486 808 3565 placet,
830 3488 861 3549 11
875 3490 938 3550 eius
952 3489 1006 3549 riri
1022 3504 1108 3567 cura,
1129 3503 1200 3562 qaia·
