2575 4067
257 210 299 278 56
448 223 542 265 ornan
559 222 712 268 sunone.
727 210 754 265 7.
771 209 798 264 8.
816 199 855 284 [a.
870 225 901 264 u.
918 225 944 265 c.
960 200 1022 285 414]

230 371 386 452 sexempli
402 372 491 433 etiam
506 371 597 433 tristis
611 371 642 432 in
657 378 809 452 posterum
827 378 934 433 essent.
978 369 1050 432 lllll.
1081 370 1163 432 Fecit
1177 379 1222 433 ta·
1273 381 1274 386 ’

259 473 329 518 men
351 456 490 516 atrocitas
512 473 625 535 poenae
648 454 900 517 oboedientiorem
927 453 995 515 duci
1025 453 1164 525 militem,
1192 463 1223 517 et

259 545 467 621 praeterquam
483 539 561 619 quod
576 538 727 601 custodiae
742 538 915 619 vigiliaeque
930 547 959 600 et
973 537 1046 600 ordo
1061 539 1222 600 stationum

258 623 427 686 intentioris
458 623 566 704 ubique
592 640 681 685 curae
703 629 801 695 erant,
828 624 859 683 iu
879 621 983 684 ultimo
1010 623 1098 683 etiam
1125 633 1222 685 certa·

260 709 357 778 mine,
381 724 448 768 cum
476 707 652 769 descensum
682 707 714 768 in
733 708 826 768 aciem
846 715 904 778 est,
927 724 961 768 ea
988 708 1128 768 severitas
1151 726 1221 788 pro·

228 792 325 853 aluit.
362 790 418 852 luit
437 798 534 853 autem
549 789 626 851 civili
641 791 767 852 maxime
788 789 867 852 bello
886 807 985 871 pugna
1009 790 1127 852 similis:
1147 791 1222 853 adeo

260 874 334 937 nihil
350 873 427 956 apud
439 874 557 937 Latinos
571 874 723 936 dissonum
738 873 775 935 ab
786 874 918 936 Romana
929 891 963 936 re
974 883 1093 955 praeter
1107 876 1222 936 animos

261 968 334 1021 erat.

232 1050 249 1105 8
324 1040 431 1122 Clipeis
454 1048 540 1101 antea
559 1042 684 1103 llomani
706 1043 752 1102 usi
772 1052 855 1111 sunt;
887 1041 969 1112 dein,
993 1049 1149 1122 postquam
1170 1046 1222 1103 sti-

261 1125 407 1207 pendiarii
421 1125 492 1187 iacti
506 1135 589 1200 snut,
607 1136 690 1187 scuta
705 1142 761 1206 pro
777 1124 879 1206 clipeis
895 1125 1009 1194 iecere:
1032 1133 1061 1187 ct
1075 1125 1155 1206 quod
1169 1144 1222 1186 an·

260 1217 308 1271 tea
325 1208 487 1290 phalangos
504 1208 614 1271 similes
628 1209 839 1279 Macedonicis,
861 1208 918 1270 boc
933 1216 1036 1290 postea
1058 1209 1222 1290 manipula·

232 1295 314 1356 etim
329 1301 438 1356 structa
454 1294 531 1355 acies
547 1295 645 1375 coepit
662 1310 744 1355 csse:
774 1299 925 1374 postremo
940 1293 971 1354 in
986 1292 1087 1374 plures
1102 1293 1223 1355 ordines

262 1376 492 1439 instruebantur.
515 1375 604 1459 [ordo
621 1394 784 1457 sexagenos
801 1375 917 1447 milites,
936 1375 1009 1437 duos
1024 1378 1221 1449 centuriones,

234 1459 446 1527 brexillarium
469 1478 561 1523 unum
587 1459 740 1543 habebat]
782 1461 879 1542 prima
899 1461 977 1521 acles
1002 1461 1108 1522 hastati
1128 1470 1222 1532 erant,

262 1543 403 1623 manipuli
418 1543 600 1624 quindecim,
622 1545 764 1607 distantes
783 1546 863 1605 inter
877 1562 909 1605 se
924 1543 1073 1605 modicum
1087 1546 1224 1625 spatium

262 1627 429 1707 manipulus
450 1626 522 1690 levis
547 1631 666 1690 vicenos
684 1628 806 1701 milites,
835 1627 921 1689 aliam
950 1627 1066 1692 turbam
1094 1636 1223 1690 scutato·

262 1729 329 1772 rum
344 1709 485 1782 habebat;
508 1711 586 1775 leves
602 1721 715 1783 antem,
735 1714 786 1793 qui
806 1712 921 1774 hastam
943 1720 1057 1773 tantum
1077 1729 1223 1792 gaesaque

233 1802 416 1873 ogererent,
438 1794 628 1858 vocabantur.
666 1797 741 1857 haec
760 1797 856 1876 prima
878 1796 961 1857 irons
982 1797 1013 1857 in
1033 1796 1098 1857 acie
1117 1795 1223 1858 liorem

262 1879 401 1941 iuvenum
427 1877 652 1959 pubescentium
671 1878 708 1940 ad
738 1878 874 1941 militiam
899 1877 1038 1941 babebat.
1073 1878 1225 1943 robustior

262 1961 332 2023 inde
348 1967 428 2023 aetas
450 1962 573 2024 totidem
595 1962 826 2043 manipulorum,
850 1963 957 2044 quibus
974 1963 1158 2044 principibus
1180 1972 1225 2025 est

262 2063 380 2117 nornen,
393 2044 447 2107 bos
459 2045 667 2127 sequebantur,
680 2049 785 2109 scutati
796 2065 907 2118 omnes,
920 2046 1084 2126 insignibus
1096 2048 1225 2108 maximo

233 2131 362 2191 tarmis.
386 2129 444 2191 hoc
456 2129 916 2213 trigintamanipulorumagmen
927 2128 1111 2212 antepilanos
1123 2131 1224 2211 appel·

262 2212 378 2285 labant,
398 2215 466 2295 qula
481 2214 535 2277 sub
560 2217 652 2295 signis
672 2217 731 2277 iam
751 2214 801 2276 alii
819 2215 987 2295 quindecim
1002 2214 1123 2275 ordines
1145 2213 1224 2275 loca·

263 2296 386 2368 bantur,
409 2317 445 2360 ex
460 2299 566 2379 quibus
581 2300 655 2361 ordo
670 2300 870 2380 unnsquisque
894 2305 954 2359 tres
975 2305 1075 2378 partes
1096 2296 1243 2359 habebat

234 2386 304 2442 8-
323 2401 425 2444 earnm
447 2397 685 2464 unamquamque
703 2385 831 2463 primaru
851 2381 944 2463 pilum
965 2380 1119 2442 vocabant.
1157 2380 1225 2463 [tri-

264 2465 319 2527 bus
333 2483 370 2526 ex
390 2465 502 2528 vexillis
518 2466 680 2528 constabat.
710 2466 848 2528 vexillum
863 2473 983 2527 centum
1004 2467 1153 2544 octoginta
1174 2484 1225 2525 sex

264 2547 399 2609 homines
415 2546 525 2630 erant]
556 2552 687 2630 primunr
702 2549 840 2611 vexillum
857 2551 974 2613 triarios
989 2548 1127 2620 ducebat,
1147 2557 1226 2609 cete-

264 2649 370 2694 rannm
385 2629 507 2692 militem
522 2639 670 2713 spectatae
681 2634 809 2705 virtutis,
826 2633 988 2695 secundum
1005 2633 1151 2703 rorarios,
1171 2634 1226 2693 nri·

263 2732 319 2776 nus
334 2712 452 2775 roboris
473 2723 568 2778 aetate
589 2715 746 2797 lactisque,
768 2718 888 2779 tertium
908 2734 1062 2788 accensos,
1085 2717 1227 2778 minimae

264 2797 387 2859 fiduciae
399 2815 534 2863 manum:
559 2817 594 2861 eo
610 2807 641 2861 et
660 2801 692 2861 in
708 2808 889 2882 postremam
907 2803 1001 2862 aciem
1016 2797 1227 2862 coiciebantnr.

234 2879 314 2944 9an
325 2881 371 2943 his
382 2880 535 2945 ordinibus
546 2885 693 2946 exercitus
704 2887 864 2949 instructus
877 2892 962 2957 esset,
976 2884 1083 2946 hastati
1094 2885 1227 2944 omnium

262 2967 353 3049 primi
374 2982 506 3047 pugnam
526 2966 650 3031 inibant.
687 2970 713 3030 si
726 2969 832 3029 hastati
852 2968 1014 3049 profligare
1034 2967 1150 3029 hostem
1166 2985 1229 3027 non

263 3058 398 3131 possent,
416 3050 492 3130 pede
508 3068 611 3132 presso
624 3070 674 3113 eos
688 3060 769 3113 retro
783 3051 921 3114 cedentes
937 3053 969 3112 in
980 3049 1134 3113 intervalla
1147 3049 1229 3111 ordi·

262 3151 335 3197 uum
356 3135 506 3215 principos
528 3134 719 3216 recipiebant.
753 3144 816 3197 turn
834 3137 1004 3216 principum
1023 3152 1123 3215 pugna
1145 3143 1228 3201 erat:

222 3226 255 3279 10
265 3218 374 3280 hastati
389 3217 598 3298 sequebantur.
634 3220 730 3281 triarii
745 3219 800 3280 sub
816 3217 927 3284 nexillis
940 3218 1134 3280 considebant
1156 3219 1228 3279 sini-

263 3310 326 3364 stro
341 3319 429 3364 crure
444 3309 599 3384 porrecto,
616 3311 699 3365 scuta
715 3305 815 3365 innixa
831 3304 956 3373 umeris,
975 3303 1074 3364 hastas
1088 3301 1228 3364 subrecta

263 3384 385 3465 cuspide
396 3387 427 3447 ln
439 3394 519 3448 terra
533 3387 620 3459 fixas,
637 3388 714 3450 haud
727 3406 812 3450 secus
823 3404 911 3468 quam
924 3384 999 3448 vallo
1010 3393 1111 3467 saepta
1124 3385 1229 3446 inhor-

224 3473 346 3529 ureret
363 3470 455 3540 acles,
474 3477 616 3533 tenentes.
646 3473 671 3532 si
687 3471 763 3552 apud
775 3472 924 3552 principes
935 3488 1052 3551 qnoque
1068 3469 1147 3531 baud
1159 3469 1229 3530 satis
