2575 4067
262 211 447 254 remouere
462 212 628 256 nrnnoauu
640 212 717 254 χιιι.
732 214 821 258 xum.
834 215 898 256 xix.
1001 201 1062 263 203

644 312 647 317 ,
751 289 759 309 .

370 424 556 489 PEIIIOCIII
579 425 680 487 LIBRI
699 425 785 488 XVII.

164 579 210 631 Cu.
224 577 355 628 Cornelius
368 576 458 626 consul
470 591 484 625 a
496 577 579 627 classe
590 575 686 626 Punice
697 576 884 626 circnmrentua
897 587 922 625 et
932 592 979 641 per
989 577 1059 629 Imu-

94 648 169 709 dem,
181 646 251 696 velut
263 646 289 694 ln
302 643 466 707 conloquium
478 652 613 703 evocatus,
631 652 723 708 captus
736 650 782 695 est.
808 643 835 696 C.
849 643 957 694 Duillius
970 645 1060 695 consul

93 715 219 765 adversus
232 711 340 762 classem
352 710 496 761 Poenorum
513 724 635 775 prospere
645 711 771 776 pugnavit
783 711 933 776 primusque
944 712 1059 761 omnium

93 781 267 831 Romanorum
284 778 379 828 ducum
396 777 493 828 navalis
510 778 630 828 victoriae
647 778 720 828 duxit
737 777 905 843 triumphum,
929 779 962 828 ob
982 793 1059 842 quam

93 861 198 898 causam
216 847 238 894 ei
263 852 403 911 perpetuus
421 859 523 909 quoque
545 845 626 895 honos
647 844 749 895 habitus
770 854 822 907 est,
842 852 870 894 ιιι
889 847 1059 896 revertentia

91 928 159 964 cena
175 914 277 963 tibicine
295 921 401 962 canente
417 911 506 962 iunale
522 913 700 977 praeferretur.
728 912 758 962 L.
777 911 909 963 Cornelius
921 912 1011 963 consul
1032 915 1059 964 iu

92 980 215 1032 SardinIa
224 989 250 1027 ct
261 979 362 1030 Corsica
374 987 462 1029 contra
475 978 568 1030 Sardos
583 987 607 1028 et
617 980 710 1031 Corsos
719 990 745 1029 et
756 979 905 1030 Hannonem
915 979 1058 1030 Poenorum

92 1049 188 1098 ducem
200 1046 306 1095 feliciter
317 1047 448 1111 pugnavit.
472 1047 567 1097 Atilius
580 1046 712 1097 Calatinus
730 1047 819 1097 consul
832 1062 890 1096 cum
906 1047 934 1095 In
945 1046 1057 1098 locums

91 1115 188 1165 Poenis
200 1114 396 1164 circumsessum
413 1123 508 1164 temere
525 1116 666 1164 exercitum
683 1114 813 1175 duxisset,
833 1115 866 1164 ll.
880 1113 1001 1180 Calpurni
1013 1114 1058 1164 tri-

92 1180 365 1233 bunimilitumvirtute
374 1189 400 1230 et
411 1195 489 1246 opera
499 1181 589 1244 ovaslt,
600 1182 643 1245 qni
653 1195 710 1231 cum
719 1181 838 1231 trecantls
847 1181 968 1231 militibus
979 1197 1057 1248 erup·

91 1250 162 1298 tione
173 1248 240 1297 iacta
251 1246 337 1297 hostes
349 1248 376 1296 in
387 1262 417 1298 se
433 1255 600 1299 converterat.
623 1247 749 1298 llannibal
766 1248 820 1297 dux
831 1248 973 1298 Poenorum
990 1251 1057 1299 alote

92 1317 190 1377 classe,
204 1316 243 1364 cui
255 1314 412 1380 praefuerat,
425 1329 440 1364 a
452 1315 575 1367 militibus
586 1315 641 1366 suit
652 1316 676 1364 iu
687 1329 788 1364 crucem
800 1314 915 1366 sublatus
927 1324 975 1371 est.
1002 1317 1056 1365 Ati·

91 1383 140 1433 lina
157 1380 271 1446 Regulus
284 1378 376 1432 consul
388 1383 463 1432 vietis
477 1383 561 1433 navali
578 1383 675 1448 proelio
687 1383 778 1432 Poenis
791 1383 817 1431 iu
828 1380 941 1433 alricum
950 1384 1054 1434 traiecit.

359 1615 545 1680 PERIOCHA
566 1617 668 1680 LIBRI
689 1617 788 1679 XVIII.

156 1765 253 1817 Atilius
265 1765 378 1831 Regulus
396 1768 422 1816 in
433 1767 519 1817 Africa
535 1778 680 1834 serpentem
694 1777 855 1834 portentosae
868 1769 1053 1834 magnitudinls

90 1850 150 1885 aum
161 1848 254 1898 magna
266 1833 337 1885 clade
349 1833 457 1883 militum
475 1835 578 1895 occidit,
595 1842 690 1885 etcum
706 1835 803 1899 aliquot
814 1838 916 1901 proeliis
932 1837 996 1887 bene
1008 1836 1053 1886 sd·

89 1916 182 1953 versus
190 1900 410 1966 Carthaginienses
423 1908 572 1966 pugnasset,
585 1916 753 1964 sucessorque
767 1903 790 1951 ei
802 1917 818 1951 a
829 1913 919 1952 senatu
932 1917 1053 1969 prospere

89 1967 186 2020 bollum
202 1970 300 2034 gerenti
318 1983 369 2018 non
385 1968 538 2030 mitteretur,
560 1968 588 2017 id
610 1968 697 2034 ipsum
714 1983 760 2033 por
775 1967 870 2018 litteras
882 1969 916 2019 ad
935 1978 1054 2019 senatum

88 2037 182 2087 mlsaas
195 2048 300 2100 questus
312 2043 362 2098 est,
372 2035 398 2083 iu
409 2035 499 2099 quibus
508 2035 574 2084 inter
583 2049 675 2085 musas
686 2035 789 2099 petendi
798 2034 938 2084 sucessorie
949 2033 972 2097 ⁸,
985 2036 1054 2097 quod

88 2104 187 2168 agellus
206 2103 262 2155 eiua
278 2119 294 2154 a
311 2103 490 2153 mercennariis
507 2102 623 2152 desertus
637 2109 713 2153 esset.
740 2110 878 2163 quaerente
895 2101 988 2151 deinde
1000 2102 1052 2151 ior·

88 2181 160 2233 tuna,
171 2179 199 2221 ut
211 2185 330 2235 magnum
343 2171 476 2232 utriusque
492 2184 567 2220 casua
585 2168 731 2234 exemplum
748 2168 775 2217 iu
786 2167 884 2231 Regulo
896 2167 1054 2232 proderetur,

89 2239 212 2288 arcessito
224 2252 240 2286 a
252 2237 505 2301 Carthaginiensibus
522 2235 685 2300 Xanthippo,
703 2234 960 2284 LacedaemonIorum
978 2233 1051 2296 duce,

88 2305 173 2355 victua
182 2305 278 2370 proella
292 2313 316 2354 et
328 2313 418 2368 captus
431 2312 477 2353 est.
502 2318 543 2354 res
553 2303 649 2352 deinde
660 2302 793 2352 edacibus
801 2301 924 2352 Romanis
933 2301 1052 2350 omuibus

88 2380 157 2421 terra
172 2372 286 2436 marique
303 2385 426 2437 prospero
442 2380 528 2434 gestas
546 2370 755 2421 deformaverunt
773 2367 905 2433 naufragia
922 2368 1051 2419 classium.

88 2439 145 2493 Tib.
158 2437 331 2489 Coruncanius
349 2439 449 2504 primus
467 2454 499 2488 ex
516 2437 591 2504 plebe
607 2435 725 2503 pontifex
742 2437 870 2487 maximus
887 2444 987 2486 oreatus
1005 2444 1052 2485 est.

89 2507 123 2559 Μ.
137 2505 303 2572 Sempronius
320 2504 422 2572 Sophus
439 2504 488 2555 Μ’.
500 2505 618 2555 Valerius
630 2504 757 2554 MaxImus
774 2517 893 2554 censores
905 2519 964 2553 curu
976 2517 1051 2553 oena-

88 2580 141 2623 tum
153 2573 279 2638 legerent,
293 2573 402 2623 sedecim
415 2579 505 2622 senatu
517 2580 664 2629 moreruut3
686 2571 794 2622 lustrum
806 2570 987 2631 condiderunt,
1000 2585 1051 2635 quo

88 2654 166 2689 censa
178 2649 239 2692 sunt
250 2641 343 2691 civium
355 2640 438 2705 capita
450 2641 559 2695 c’t'liffil
568 2650 705 2694 Dccxcvil.
728 2637 844 2704 Regulus
855 2640 949 2690 mlssus
962 2653 977 2687 a
991 2638 1050 2688 Car·

87 2705 291 2770 thaginienslbus
303 2707 337 2756 ad
348 2716 478 2770 senatum,
492 2716 520 2757 ut
532 2708 563 2759 de
576 2721 640 2772 pace
652 2712 690 2768 et,
703 2707 725 2755 si
738 2721 795 2756 eam
808 2720 858 2756 non
868 2713 957 2772 posset
968 2706 1050 2771 impe·

87 2780 167 2832 trare,
181 2773 213 2822 tle
225 2773 408 2824 commutandis
426 2775 532 2839 captivls
549 2784 650 2838 ageret,
668 2773 714 2822 aed
725 2773 780 2823 inre
796 2774 903 2824 iurando
915 2773 1051 2822 adstrictus

87 2838 229 2887 rediturum
241 2854 269 2889 se
289 2838 479 2903 Carthaginem,
497 2842 520 2891 si
538 2840 686 2890 commutari
702 2841 817 2904 captivos
836 2853 886 2888 nou
903 2839 1052 2903 placuisset,

88 2912 225 2965 utrumque
238 2904 349 2967 negantii
360 2915 447 2955 auctor
458 2909 557 2958 senatui
569 2907 618 2957 luit
630 2915 668 2968 et,
687 2918 745 2955 cum
762 2905 813 2954 lide
826 2905 954 2954 custodita
965 2917 1052 2951 rever·

88 2985 135 3021 auo
153 2979 233 3029 esset,
246 2968 372 3034 supplicio
386 2986 400 3018 a
413 2966 663 3038 Carthaginiensibus
676 2972 707 3022 de
720 2987 750 3021 eo
769 2981 871 3036 sumpto
884 2969 958 3035 perit.

476 3105 675 3118 ..ιι-*-

363 3203 550 3267 PERICCIIA
572 3204 673 3265 LIBRI
695 3203 770 3264 XIX.

155 3357 279 3407 Caecilius
292 3357 408 3408 Metellae
420 3357 497 3407 rebua
514 3356 637 3407 adversus
652 3355 752 3405 Poenos
765 3367 888 3419 prospere
899 3354 979 3418 gestis
991 3368 1050 3420 spe·

87 3424 186 3474 closum
198 3427 249 3490 egit
261 3425 417 3491 triumphum
429 3423 549 3475 tredecim
559 3424 669 3475 ducibus
687 3421 800 3471 hostium
812 3432 837 3470 et
849 3429 948 3471 centum
961 3422 1049 3487 viginti

88 3489 227 3556 elephantIr
245 3493 271 3541 in
289 3507 318 3542 eo
336 3494 427 3548 ductis,
458 3492 577 3543 ClaudIus
594 3491 703 3541 Pulcher
724 3488 814 3539 consul
830 3498 917 3539 contra
938 3489 1051 3554 auspicia
