2575 4067
271 250 363 292 umna
380 250 469 292 xxm.
486 248 554 292 oar.
571 235 613 290 13.
635 237 676 288 it.
693 226 733 309 [a.
752 232 786 294 O.
801 229 863 314 216]
982 234 1042 300 331

75 399 183 476 „nihil
199 398 312 459 facilius
328 399 403 459 scitu
419 403 464 457 est
472 404 490 429 “
505 396 611 475 lnquit.
641 413 776 475 „ecquos
790 395 902 476 legatos
913 397 949 460 ad
964 397 1043 459 llan-

76 483 210 549 uibalem
223 483 347 544 Romani
358 482 503 542 mtserunt
517 479 553 540 de
568 481 660 559 pacet
688 497 811 560 ecquam
824 480 949 561 denique
959 499 1043 543 men·

75 569 193 629 tionem
216 568 298 647 pacis
321 567 432 627 Romae
455 565 562 626 iactam
585 582 649 625 esse
674 563 801 625 adlatum
825 563 862 625 ad
885 583 936 626 vos
956 566 1043 627 estl“

76 670 150 713 cum
167 651 198 712 id
220 668 337 732 quoque
367 656 517 728 negasset,
544 648 683 719 „bellum
702 649 819 727 igitur“
838 649 935 728 inquit
958 655 1071 719 ..tamt

75 736 232 815 integrum
247 733 406 805 habemus,
424 751 511 814 quam
527 732 699 805 habuimus,
715 750 772 813 qua
790 731 837 794 die
851 730 998 794 Hannibal
1012 734 1044 793 iu

74 818 194 883 ltaliam
208 826 251 880 est
263 824 474 896 transgressus.
497 835 585 897 quam
599 819 679 878 varia
689 817 810 879 victoria
825 818 925 897 priore
932 816 1043 878 Puntco
1055 823 1071 876 a

76 901 160 964 bello
171 902 269 975 luerit,
285 900 419 983 plerique
435 903 718 982 quimemiuerimus
729 919 931 982 supersumus.
958 918 1043 961 num·

78 1004 171 1066 quam
193 996 273 1047 terra
295 986 430 1064 marique
455 987 548 1065 magis
571 1004 733 1066 prosperae
757 1004 807 1049 res
825 994 944 1047 nostrae
965 986 1043 1044 visae

77 1076 165 1141 eunt,
191 1087 278 1150 quam
301 1077 369 1130 ante
392 1069 527 1132 consules
543 1069 573 1132 C.
594 1071 743 1132 Lutatium
764 1077 794 1132 et
812 1070 844 1131 l.
861 1069 1043 1132 Postumium

78 1154 217 1215 luerunt:
235 1153 350 1215 Lutatio
368 1161 397 1215 et
411 1154 561 1216 Postumio
580 1153 750 1217 consulibus
771 1153 877 1216 devicti
896 1153 933 1216 ad
950 1156 1070 1232 Aega-t

78 1240 117 1298 tis
137 1237 246 1299 insulas
266 1255 377 1299 sumus.
419 1239 550 1318 quodsi,
576 1238 607 1300 id
628 1238 708 1318 quod
731 1237 760 1299 di
787 1256 876 1301 omen
901 1244 1042 1308 avertant,

78 1339 161 1383 nrrnc
176 1339 293 1402 quoque
310 1320 428 1384 fortuna
443 1321 552 1402 aliquid
566 1324 738 1395 varlaverit,
753 1330 816 1384 tum
828 1340 931 1403 pacem
940 1339 1041 1402 spera·

80 1406 128 1476 tis,
145 1424 213 1467 cum
227 1407 389 1476 vincemur,
406 1424 493 1486 quam
509 1425 597 1481 nunc,
615 1426 683 1469 cum
697 1408 851 1477 vincimus,
871 1407 920 1468 dat
935 1405 1041 1468 nemci

77 1508 152 1569 ego,
169 1491 273 1571 siquis
290 1489 327 1550 de
343 1507 417 1569 pace
434 1490 567 1553 consulet
583 1510 636 1553 scu
659 1490 820 1553 deferenda
838 1491 972 1553 hostibus
989 1495 1069 1551 seut

80 1574 265 1652 accipienda,
281 1573 376 1634 habeo
392 1573 461 1654 quid
477 1577 641 1636 sententiae
657 1575 768 1637 dicam:
792 1577 817 1636 sl
832 1575 869 1637 dc
886 1575 947 1647 his,
967 1592 1042 1656 quac

79 1658 166 1736 hlago
180 1656 323 1738 postulat,
339 1657 471 1731 refertis,
487 1677 543 1720 neo
557 1657 717 1722 victoribus
730 1661 806 1721 mitti
821 1658 954 1721 adtinere
968 1667 1040 1739 puto

80 1748 110 1802 et
122 1741 332 1804 frustrantibus
338 1759 392 1801 nos
405 1741 716 1823 falsaatqueinanlspe
729 1743 821 1806 multo
828 1744 926 1806 minus
933 1761 1041 1806 censeo

79 1826 223 1888 mittenda
239 1834 335 1887 esse.“
360 1825 439 1886 haud
453 1826 562 1888 multos
578 1830 668 1887 morit
680 1828 832 1889 llannouis
848 1829 955 1900 oratio,
971 1832 1068 1889 namo

81 1918 110 1971 et
121 1908 254 1972 simultas
261 1928 328 1971 cum
339 1908 580 1970 familiaBarcina
592 1908 731 1970 leviorem
744 1918 894 1973 auctorem
905 1911 1039 1981 iaciebat,

81 2003 111 2057 et
127 1996 262 2075 occupati
277 1994 367 2055 animi
382 1995 531 2075 praesenti
546 1994 656 2055 laetitia
671 1992 752 2064 nihil,
771 2011 829 2073 quo
841 1995 943 2055 taulus
957 1995 1042 2056 deret

81 2078 220 2159 gaudium
235 2097 335 2151 suum,
358 2078 478 2140 auribus
493 2075 698 2149 admittebant,
720 2075 957 2155 debellatumque
971 2095 1040 2138 mox

81 2164 159 2236 lore,
173 2165 198 2224 si
214 2164 306 2225 adniti
319 2161 440 2243 paulum
452 2161 619 2234 voluissent,
635 2161 788 2223 rebantur.
814 2162 913 2240 itaque
927 2160 1066 2238 ingentii

82 2266 226 2309 consensu
240 2248 273 2308 tit
286 2256 404 2308 senatus
420 2246 598 2318 consultum,
612 2254 646 2307 ut
659 2242 817 2308 llanuibali
831 2250 969 2325 quattuor
985 2245 1040 2304 ml·

81 2330 118 2392 lia
132 2331 326 2394 Numidarum
345 2333 376 2391 iu
397 2329 634 2412 supplementum
655 2333 844 2391 mitterentur
866 2335 896 2390 et
913 2326 1040 2408 quadra·

81 2418 160 2495 ginta
177 2414 327 2496 elephanti
342 2423 372 2476 et
386 2416 501 2494 argenti
515 2413 622 2475 talenta
643 2413 679 2453 **
695 2414 879 2493 dictatorque
897 2431 964 2475 curn
978 2412 1067 2475 lla-8

82 2518 157 2579 gone
166 2501 198 2560 in
213 2501 384 2580 llispaniam
400 2501 579 2580 praemissus
597 2507 642 2560 est
662 2497 698 2559 ad
723 2496 915 2560 conducenda
938 2498 1040 2576 uiginti

80 2582 159 2645 milia
169 2584 318 2663 peditum,
341 2592 478 2665 quattuor
505 2585 651 2664 equitum,
678 2581 784 2663 quibus
805 2583 965 2655 exercitus,
990 2583 1040 2663 qul

80 2669 111 2728 iu
124 2667 207 2729 ltalia
220 2672 328 2750 quique
343 2672 374 2730 iu
393 2669 533 2749 llispanla
551 2676 650 2740 erant,
666 2666 884 2750 supplerentur.

139 2750 212 2812 xlv.
250 2753 386 2814 Ceterum
405 2754 494 2824 haec,
517 2764 550 2814 ut
569 2755 601 2812 iu
621 2753 758 2814 secundis
781 2752 886 2824 rebus,
909 2752 1065 2831 segniterl

83 2834 231 2912 otioseque
247 2843 342 2912 gesta:
360 2834 509 2896 Romanos
523 2843 642 2914 praeter
653 2838 771 2896 insitam
785 2836 961 2895 industriam
977 2834 1038 2895 ani·

81 2918 135 2980 mis
149 2915 267 2978 fortuna
292 2918 380 2979 etiam
395 2920 527 2979 cunctari
549 2916 736 2997 prohibebat.
776 2935 845 2977 uam
866 2934 921 2977 nec
937 2915 1039 2977 consul

81 3000 131 3064 ulli
146 3002 208 3072 rei,
233 3018 308 3081 quae
329 3015 384 3080 pcr
401 3019 467 3061 eum
483 3001 596 3079 agenda
613 3008 704 3071 esset,
730 2999 845 3071 deerat,
872 3006 901 3060 et
914 2998 1065 3060 dictatort

81 3087 117 3149 ll.
135 3085 235 3147 lunius
251 3084 327 3147 Pera
346 3083 436 3145 rebus
461 3084 564 3145 divinis
587 3084 727 3164 perfectis
747 3082 881 3162 latoque,
909 3089 942 3143 ut
964 3081 1039 3144 solet

82 3170 117 3233 ad
136 3167 294 3252 populum,
315 3176 349 3231 ut
368 3187 474 3248 equom
494 3168 654 3229 escendere
677 3167 795 3239 liceret,
821 3173 940 3245 praeter
967 3165 1040 3227 duas

82 3253 206 3316 urbanas
222 3253 370 3334 legiones,
391 3271 466 3333 quae
487 3253 632 3333 principio
650 3254 720 3314 anni
739 3270 756 3313 a
774 3248 942 3312 consulibus
967 3266 1038 3310 con-

83 3340 206 3419 scriptae
226 3338 358 3410 luerant‚
389 3345 419 3399 et
436 3355 590 3399 servorum
616 3336 755 3398 dilectum
781 3334 977 3413 cohortesque
1002 3339 1067 3396 ext

84 3440 149 3501 agro
164 3424 273 3484 Piceno
289 3432 318 3485 et
333 3420 444 3485 Gallico
460 3420 608 3483 coniectas
623 3420 660 3483 ad
675 3419 810 3482 ultimum
825 3436 918 3499 prope
934 3417 1038 3499 despe-

84 3515 159 3567 ratae
175 3506 367 3587 reipublicae
382 3505 537 3578 auxilium,
561 3524 629 3568 cum
645 3505 770 3568 honesta
784 3503 904 3565 utilibus
920 3501 1038 3572 cedunt.
