2575 4067
239 230 303 291 250
446 245 539 288 orsus
550 248 614 289 ιιι.
630 248 699 291 ear.
713 237 757 291 ba.
774 238 819 294 bb.
836 230 875 313 [a.
890 254 921 293 n.
936 253 962 293 c.
977 234 1039 312 536]

240 392 344 453 turmis
363 395 578 477 manipulisque
602 400 692 460 vestri
711 399 824 461 similes
845 398 953 478 eligite.
996 402 1080 479 biago
1104 401 1209 463 iocum

239 477 427 550 monstrabit,
451 499 539 561 quem
553 483 720 544 insidentis:
742 483 858 546 bostem
874 502 994 546 caecum
1010 485 1046 544 ad
1063 485 1118 545 bas
1131 485 1210 547 belii

216 571 231 619 s
243 570 321 624 artes
336 562 480 626 bebetis.“
510 567 550 627 ita
564 565 644 627 miiie
660 567 808 646 equitibus
821 585 889 630 cum
898 569 1038 647 Magone,
1052 568 1134 629 mille
1152 589 1209 650 pe·

239 646 347 708 ditibus
358 648 484 710 dimissis
491 649 636 711 Hannibal
647 652 743 731 prima
753 652 968 716 iuceNumidas
979 654 1093 732 equites
1105 661 1207 715 trans-

239 748 356 809 gressos
370 730 509 793 Trebiam
529 732 639 795 iiumen
660 733 833 814 obequitare
853 735 936 797 iubet
958 736 1205 816 bostiumportis

237 815 450 895 iaculandoque
467 819 499 878 in
517 819 659 879 stationes
674 816 784 880 eiicere
798 821 835 881 ad
856 836 986 899 pugnam
1003 819 1133 890 bostem,
1157 823 1206 882 in·

237 899 313 959 iecto
330 898 437 960 deinde
448 903 610 963 certamine
626 902 759 966 cedendo
779 904 889 965 sensim
909 905 982 965 citra
1000 902 1113 964 flumen
1131 923 1205 985 per-

210 983 366 1044 etrabere.
397 982 471 1044 baec
485 984 622 1046 mandata
636 986 784 1048 Numidis:
805 988 911 1049 ceteris
926 986 1049 1049 ducibus
1065 988 1204 1067 peditum

237 1068 424 1147 equitumque
439 1076 643 1148 praeceptum,
660 1075 692 1131 ut
705 1070 853 1149 prandere
865 1089 968 1133 omnes
982 1070 1137 1141 iuberent,
1154 1091 1203 1132 ar-

240 1160 335 1212 matos
349 1151 456 1212 deinde
471 1153 661 1234 instratisque
676 1155 759 1234 equis
772 1157 889 1234 signum
904 1163 1069 1234 expectare.

209 1239 225 1290 o
298 1234 490 1316 Sempronius
505 1236 541 1297 ad
558 1236 717 1299 tumultum
728 1238 922 1300 Numidarum
936 1240 1067 1318 primum
1079 1257 1203 1301 omnem

238 1320 407 1395 equitatum,
425 1319 508 1382 ierox
519 1339 553 1382 ea
563 1328 648 1401 parte
658 1323 773 1393 virium,
785 1322 892 1384 deinde
903 1321 1046 1385 sexmilia
1056 1322 1201 1402 peditum,

237 1410 388 1481 postremo
410 1421 514 1469 omnes
535 1407 634 1487 copias
654 1405 692 1465 ad
711 1406 888 1467 destinatum
908 1407 967 1467 iam
987 1413 1055 1467 ante
1073 1405 1201 1468 consilio

209 1486 338 1548 iaridus
360 1489 529 1549 certaminis
550 1490 659 1551 eduxit.
707 1497 770 1550 erat
791 1489 867 1550 iorte
888 1488 1011 1551 brumae
1030 1498 1150 1568 tempus
1172 1499 1201 1550 et

237 1570 339 1632 nivalis
354 1570 461 1631 diesin
477 1570 549 1632 locis
565 1571 688 1649 Alpibus
702 1572 916 1653 Apenninoque
929 1574 1105 1642 interiectis,
1126 1591 1198 1652 pro·

208 1654 399 1732 apioquiuae
417 1655 505 1715 etiam
526 1654 681 1716 iiuminum
705 1672 739 1716 ac
759 1655 911 1735 paludium
929 1655 1118 1735 praegelidis.
1161 1657 1198 1717 ad

236 1736 293 1796 hoc
309 1738 415 1814 raptim
429 1736 543 1799 eductis
557 1737 727 1799 hominibus
741 1746 829 1819 atque
844 1741 941 1819 equis,
958 1756 1019 1800 non
1031 1747 1118 1819 capto
1128 1748 1197 1801 ante

237 1817 318 1888 cibo,
341 1836 401 1879 non
423 1837 480 1899 ope
502 1819 562 1882 ulia
582 1821 618 1882 ad
638 1822 800 1883 arcendum
830 1822 922 1901 frigus
950 1821 1094 1892 adbibita,
1123 1822 1196 1884 nihii

236 1900 342 1962 caloris
353 1903 463 1975 inerat,
476 1911 506 1964 et
517 1904 659 1985 quidquid
670 1924 758 1967 aurae
770 1905 899 1967 fluminis
911 1905 1195 1986 adpropinquabant,

209 1983 364 2048 uadiiabat
384 1989 481 2048 acrior
500 1988 619 2068 frigoris
639 1990 692 2050 vis.
724 1997 757 2050 ut
779 2007 848 2051 vero
862 1989 1041 2069 refugientes
1055 1988 1197 2051 Numidas

235 2071 423 2150 insequentes
434 2090 539 2153 aquam
550 2073 675 2152 ingressi
681 2082 793 2134 sunt-
804 2081 834 2134 et
844 2082 909 2134 erat
923 2072 1094 2154 pectoribus
1111 2080 1197 2134 tenus

235 2161 321 2215 aucta
331 2163 477 2218 nocturno
488 2156 696 2218 imbri-tum
706 2159 807 2237 utique
816 2158 942 2235 egressis
953 2156 1197 2235 rigereomnibus

237 2256 376 2319 corpora,
393 2247 426 2301 ut
437 2242 484 2301 rix
495 2258 645 2301 armorum
657 2241 852 2302 tenendorum
864 2242 995 2320 potentia
1006 2248 1098 2312 esset,
1113 2248 1142 2301 et
1156 2243 1196 2302 si·

235 2321 297 2385 mul
312 2320 482 2385 lassitudine
493 2332 524 2385 et
537 2324 719 2403 procedente
733 2326 790 2385 iam
805 2324 853 2385 die
867 2325 946 2387 fame
957 2325 1044 2385 etiam
1057 2323 1195 2385 deiicere.

211 2402 293 2466 lIaV.
327 2405 499 2468 Hannibalis
513 2410 633 2469 interim
648 2408 731 2469 miles
752 2406 870 2485 ignibus
884 2415 952 2469 ante
969 2408 1096 2468 tentoria
1111 2407 1196 2469 iactis

237 2488 361 2568 oleoque
374 2507 429 2570 per
442 2490 621 2571 manipulos,
645 2499 679 2552 ut
692 2490 841 2552 mollirent
857 2499 952 2561 artus,
973 2492 1064 2552 misso
1079 2499 1110 2551 et
1128 2490 1195 2551 cibo

235 2588 289 2647 per
304 2572 395 2631 otium
415 2581 515 2651 capto,
537 2573 589 2634 ubi
610 2582 811 2652 transgressos
832 2573 943 2635 flumen
962 2575 1055 2636 bostis
1077 2576 1195 2634 nuntia·

187 2686 203 2718 0
236 2659 299 2712 tum
323 2661 383 2722 est,
408 2654 505 2716 alacer
527 2657 632 2716 animis
652 2658 884 2738 corporibusque
906 2676 988 2719 arma
1012 2659 1090 2737 capit
1106 2666 1196 2737 atque

209 2735 523 2815 sinaoiemprocedn.
549 2738 680 2800 Baliares
688 2740 928 2819 iocatantesigna
938 2740 1193 2821 iovemquearma·

235 2827 346 2889 turam,
367 2826 434 2882 octo
449 2820 543 2883 ierme
556 2821 636 2883 milia
652 2824 820 2896 bominum,
842 2825 910 2886 dein
925 2826 1090 2903 graviorem
1102 2824 1193 2884 armis

235 2904 379 2984 peditem,
405 2905 484 2985 quod
503 2908 623 2974 virium,
649 2909 728 2986 quod
754 2908 870 2970 roboris
891 2917 969 2977 erat:
996 2909 1027 2969 in
1054 2906 1194 2968 cornibus

235 2989 422 3051 circumfudit
432 2989 535 3053 decem
546 2990 626 3052 milia
637 2994 783 3071 equitum,
796 3000 826 3053 ct
836 2991 873 3053 ab
884 2992 1025 3053 cornibus
1036 2993 1068 3051 in
1081 2998 1194 3052 utram-

205 3076 290 3151 nque
312 3082 426 3152 partem
441 3074 548 3137 divisos
565 3074 737 3154 elephantos
756 3077 864 3137 statuit.
910 3073 1012 3137 consui
1034 3075 1125 3135 eiiuse
1147 3092 1194 3135 se·

234 3158 350 3234 quentis
366 3158 493 3237 equites,
515 3176 580 3219 oum
603 3157 639 3219 ab
662 3158 866 3221 resistentibus
886 3157 983 3221 subito
1000 3157 1134 3219 Numidis
1147 3159 1194 3218 in·

235 3240 312 3301 cauti
329 3242 550 3320 exciperentur,
571 3243 657 3319 signo
671 3244 804 3323 receptui
820 3241 888 3303 dato
902 3250 1054 3303 revocatos
1066 3243 1179 3302 circum

207 3322 315 3383 sdedit
329 3322 485 3402 peditibus.
516 3325 715 3404 duodeviginti
730 3325 809 3387 milia
820 3326 951 3387 Romana
965 3335 1064 3396 erant,
1080 3326 1194 3386 socium

234 3407 362 3465 nominis
382 3407 479 3469 Latini
500 3411 615 3488 viginti,
641 3410 746 3471 auxilia
766 3417 920 3489 praeterea
939 3409 1194 3474 Cenomanorum:

234 3503 270 3544 ea
288 3485 350 3546 soia
370 3488 399 3548 in
420 3490 476 3551 iide
492 3500 641 3553 manserat
657 3493 764 3555 Gallica
786 3510 868 3570 gens.
898 3494 933 3553 iis
954 3493 1046 3571 copiis
1066 3509 1193 3552 concur·
