2575 4067
224 239 227 242 Ι
303 290 394 332 ruens
405 291 483 332 1111.
496 289 563 331 cae.
576 278 619 331 54.
631 277 673 330 55.
687 269 726 350 [e.
739 273 773 332 O.
789 271 850 351 216]
996 276 1057 337 309

100 455 215 499 venere.
257 457 307 500 eos
332 455 435 499 omnes
453 437 593 497 Venusini
612 454 666 515 per
687 434 811 498 familias
831 435 958 516 benigne
977 440 1084 500 acci-a

99 520 221 601 plendos
241 520 445 600 curandosque
461 538 528 581 curn
550 519 728 591 divisissent,
751 521 780 579 in
799 518 928 597 singulos
944 524 1055 601 equites

99 612 179 682 togas
195 613 224 666 et
239 607 351 667 tunicas
366 611 396 664 et
411 604 598 684 quadrigatos
618 621 755 665 nummos
775 603 880 684 quinm
893 605 1011 666 vicenos
1026 615 1055 668 et

96 687 188 766 pediti
205 689 312 758 denos,
328 696 357 748 et
374 706 455 749 arma
467 687 572 766 quibus
587 686 710 747 deerant
721 686 879 756 dederunt,
897 693 1080 768 ceteraquea

96 770 215 851 publice
230 790 265 833 ac
277 773 413 849 privatim
433 770 616 850 hospitaliter
632 770 723 842 lacta,
745 777 960 849 certatumque,
982 789 1020 832 ne
1038 790 1054 832 a

96 854 222 915 muliere
244 856 389 916 Canusina
412 853 537 934 populus
561 852 724 915 Venusinus
748 853 851 914 olliciis
876 856 1053 922 vinceretur,

95 938 148 997 sed
164 940 280 1014 gravius
296 956 370 998 onus
386 938 481 999 Busae
495 936 651 999 multitudo
674 936 810 1007 faciebat,
833 943 863 998 et
877 938 935 998 iam
951 938 988 997 ad
1004 938 1082 998 dat

96 1036 161 1079 cem
175 1019 255 1081 milla
269 1022 422 1082 bominum
435 1028 532 1091 erant,
548 1022 715 1101 Appiusque
732 1028 761 1082 el
775 1021 882 1100 Scipio,
898 1029 1053 1101 postquam
1065 1031 1081 1079 t

96 1103 274 1165 incolumem
296 1122 360 1165 esse
380 1103 504 1166 alterum
527 1104 678 1166 consulem
699 1113 891 1183 acceperunt,
918 1107 1053 1167 nuntium

96 1186 242 1265 extemplo
271 1189 404 1258 mittunt,
436 1198 561 1267 quantae
587 1205 687 1248 secum
708 1187 839 1268 peditum
864 1189 1053 1269 equitumque

95 1271 196 1348 copiae
214 1279 327 1342 essent,
346 1273 582 1350 sciscitatumque
597 1269 697 1343 simul,
715 1279 813 1332 utrum
832 1270 986 1333 Venusiam
1002 1272 1052 1333 ad·

95 1352 162 1414 duci
178 1356 339 1415 exercitum
351 1374 388 1416 an
403 1373 523 1416 manere
538 1354 653 1415 iuberet
665 1354 791 1416 Canusii.
820 1356 912 1415 Varro
924 1355 986 1434 ipse
999 1357 1080 1417 (la-u

95 1439 210 1498 nusium
226 1439 326 1517 copias
346 1439 482 1499 traduxit.
519 1445 548 1499 et
570 1441 628 1499 iam
651 1436 748 1517 aliqua
761 1439 875 1518 species
891 1438 1052 1501 consularis

94 1523 240 1583 exercitus
255 1530 333 1591 erat,
350 1522 562 1602 moenibusque
577 1540 608 1582 se
629 1529 724 1590 certe,
753 1524 808 1583 etsi
828 1539 888 1582 nou
910 1523 999 1583 armis
1015 1523 1051 1584 ab

94 1603 177 1664 hoste
196 1604 371 1665 videbantur
386 1606 546 1667 defensuri.

156 1687 278 1749 Romam
292 1688 398 1750 nelias
415 1690 533 1768 quidem
548 1688 686 1767 reliquias
701 1707 858 1769 superesse
879 1691 986 1750 civium
1003 1700 1078 1751 sot

94 1771 279 1850 ciuiumque,
298 1772 350 1831 sed
365 1773 515 1832 occidione
531 1775 659 1834 occisum
676 1779 742 1835 cum
757 1774 925 1835 ammireus
936 1773 1052 1836 duobus

93 1855 254 1916 exercitum
270 1853 439 1933 deletasque
456 1873 559 1915 omnes
574 1858 673 1936 copias
689 1854 816 1917 adlatum
832 1857 936 1918 iuerat.
965 1865 1079 1920 num-e

92 1955 179 2015 quam
194 1937 272 1999 salva
287 1937 362 1997 urbe
377 1946 488 1998 tantum
501 1939 617 2018 pavoris
632 1936 830 2017 tumultusque
842 1942 919 2000 intra
935 1943 1050 2012 moenia

91 2019 222 2081 Romana
238 2021 301 2081 luit.
335 2023 433 2100 itaque
454 2021 644 2082 succumbam
660 2022 757 2092 oneri,
779 2038 875 2100 nequo
895 2024 1050 2101 adgrediar

92 2120 227 2174 narrare,
245 2122 319 2183 quae
335 2103 535 2165 edissertando
551 2105 667 2165 minora
686 2122 758 2165 vero
778 2103 893 2166 iaciam.
930 2107 1078 2168 consulet

92 2188 281 2266 exercituque
294 2188 331 2247 ad
344 2189 579 2248 Trasumennum
593 2189 694 2268 priore
707 2205 785 2248 anno
800 2188 908 2248 amisso
917 2205 977 2249 non
989 2189 1050 2249 vul·

92 2286 162 2339 nus,
185 2270 237 2330 sed
258 2270 410 2350 multiplex
437 2270 550 2342 clades,
579 2289 647 2331 cum
669 2269 783 2332 duobus
804 2270 973 2332 consulibus
992 2274 1050 2335 duo

92 2352 260 2412 consulares
282 2356 426 2414 exercitus
453 2355 552 2416 amissi
575 2355 799 2427 nuntiabantur,
826 2373 881 2416 nec
906 2354 964 2416 ulla
992 2357 1050 2418 iarn

92 2443 187 2495 castra
201 2436 332 2498 Romana
353 2455 408 2498 nec
430 2437 534 2499 ducem
557 2457 612 2499 noc
634 2437 758 2499 militem
774 2457 853 2508 esse;
876 2438 1048 2502 llannibalis
1061 2448 1092 2499 lo

90 2518 239 2597 Apuliam,
262 2520 414 2582 Samnium
435 2539 469 2582 ac
490 2522 547 2582 iam
569 2540 663 2602 prope
685 2529 775 2583 totam
795 2522 908 2584 ltaliam
931 2522 1048 2586 iactam.

90 2602 168 2663 nulla
183 2604 319 2683 prolecto
331 2604 387 2667 alia
398 2622 470 2684 gens
483 2613 563 2667 tanta
574 2606 653 2667 mole
666 2605 756 2668 cladis
768 2625 827 2667 non
842 2605 948 2669 obruta
961 2615 1047 2669 esset.

90 2687 362 2765 comparescladem
374 2688 651 2767 adlegatumsuias
662 2690 945 2769 Carthaginienslum
962 2710 1048 2772 proe·
1059 2699 1089 2751 lt

89 2769 129 2830 lio
145 2771 239 2832 navali
255 2782 421 2851 acceptam,
437 2793 494 2853 qua
509 2774 594 2834 lracti
609 2773 707 2836 Sicilia
722 2793 756 2835 ac
771 2775 907 2836 Sardinia
923 2793 1048 2845 cessere,

89 2852 158 2913 inde
173 2853 322 2932 vectigalis
337 2875 372 2916 ac
382 2856 588 2936 stipendiarios
603 2859 667 2917 lieri
678 2876 710 2916 se
725 2860 803 2936 passi
818 2869 895 2925 sunt,
908 2867 959 2919 aut
974 2876 1048 2937 pug-

89 2953 158 2997 nam
174 2937 325 2997 adversam
340 2940 371 2997 in
383 2939 495 3009 Africa,
512 2941 559 3000 cui
570 2947 672 3019 postea
686 2939 734 2999 hic
749 2941 812 3018 ipse
826 2938 972 3000 Hannibal
983 2958 1048 3001 suc-

90 3018 204 3081 cubuit:
222 3018 302 3080 nulla
315 3040 351 3081 ex
363 3029 446 3100 parte
459 3023 664 3102 conparandae
676 3031 752 3093 sunt,
772 3023 828 3083 nisi
843 3023 922 3102 quod
934 3024 1048 3083 minore

89 3105 187 3165 animo
201 3102 276 3164 latae
290 3111 367 3164 sunt.

152 3187 209 3249 LV.
252 3188 285 3249 P.
308 3187 415 3249 Furius
436 3187 538 3250 Philus
570 3198 599 3251 et
623 3190 662 3251 M.
685 3190 865 3269 Pomponius
897 3197 1073 3270 praetorest

89 3280 222 3334 senatum
247 3272 280 3332 in
307 3273 418 3332 curiam
440 3271 593 3333 Hostiliam
622 3282 816 3344 rocaverunt,
845 3284 877 3336 ut
904 3273 941 3334 de
966 3272 1047 3333 urbis

88 3357 221 3419 custodia
238 3354 441 3417 consulerent:
459 3374 555 3435 neque
571 3357 648 3416 enirn
661 3354 833 3419 dubitabant
850 3357 952 3419 deletis
965 3366 1075 3418 exer-²

90 3440 195 3501 cltibus
206 3441 320 3501 hostem
337 3440 373 3501 ad
388 3438 616 3521 oppugnandam
626 3442 765 3511 Romam,
780 3442 860 3522 quod
871 3460 962 3504 unum
974 3460 1046 3522 opus

91 3521 160 3584 belli
175 3532 313 3594 restaret,
331 3533 495 3586 venturum.
534 3543 601 3585 cum
622 3525 653 3585 in
674 3524 756 3586 malis
770 3526 856 3587 sicuti
870 3526 1075 3604 ingentibusi
