2575 4067
257 241 318 302 342
416 252 510 293 omna
523 250 612 294 xxm.
630 250 699 293 oar.
714 237 758 294 2³,
774 238 820 293 24.
835 229 1042 311 [a.u.c.'538]
1258 311 1259 342 1

232 408 243 457 1
318 397 419 459 inin.
451 398 582 460 Dictator
604 396 655 458 ubi
678 416 746 459 cum
766 396 920 458 lictoribus
939 398 973 457 in
998 407 1102 458 rostra
1125 412 1207 453 escen·

259 481 314 551 dit,
333 500 430 561 neque
445 482 518 543 duos
535 481 695 541 dictatores
709 491 842 560 tempore
854 485 937 551 uno,
958 480 1048 559 quod
1067 492 1209 555 nunquam

230 574 345 626 aautea
358 564 468 626 iactum
479 574 565 633 esset,
580 562 710 643 probare
727 582 760 625 se
773 565 859 635 dixit,
880 582 978 643 neque
998 563 1176 624 dictatorem
1188 574 1211 618 sc
1248 623 1251 636 Ι

258 650 321 709 siue
336 650 477 727 magistro
495 648 626 727 equitum
641 665 697 707 nec
714 648 878 709 censoriam
893 649 951 707 vim
966 649 1023 708 uni
1043 647 1208 726 permissam,

260 741 289 792 et
305 732 403 794 eidem
423 733 545 800 lterum,
574 748 630 790 uec
648 730 784 791 dictatori
809 732 866 792 ulsi
892 732 938 791 rei
956 730 1116 809 gerendae
1141 744 1209 789 causa

235 824 362 877 aoreato
377 817 409 875 in
423 833 475 876 sex
489 830 606 875 menses
620 814 720 875 datum
739 815 906 895 imperium.
939 833 1024 894 quae
1044 812 1210 873 inmoderata
1258 815 1259 834 ¹

260 900 338 968 iors,
354 907 469 978 tempus
483 915 517 960 ac
534 898 693 958 necessitas
712 897 831 969 iecerit,
854 899 900 959 bis
918 916 950 958 se
970 897 1104 959 modum
1120 894 1209 974 iuposi-

260 992 369 1043 turum.
408 1000 477 1043 nam
498 1000 595 1060 neque
616 993 721 1042 senatu
744 1000 922 1061 quemquam
941 993 1102 1044 moturum
1124 977 1202 1039 eriis
1256 977 1257 980 ’

260 1084 337 1145 quos
349 1065 381 1127 G.
396 1064 557 1126 Flaminius
571 1065 604 1125 L.
620 1063 761 1126 Aemilius
777 1083 915 1126 censores
929 1067 960 1126 in
978 1073 1123 1126 senatum
1136 1061 1210 1137 legis·

232 1158 340 1218 tsent;
358 1148 515 1209 transcribi
528 1157 642 1209 tantum
653 1149 830 1227 recitarique
841 1168 892 1211 eos
902 1150 1067 1219 iussurum,
1085 1165 1122 1207 ne
1136 1158 1208 1224 penes

261 1252 353 1296 unum
365 1232 515 1293 bominem
530 1231 671 1293 iudicium
678 1231 892 1312 arbitriumque
900 1232 938 1293 do
952 1233 1035 1294 lama
1048 1251 1084 1293 ac
1098 1227 1210 1291 moribm

261 1317 520 1384 senatoris·luerit;
533 1326 563 1376 et
572 1317 613 1377 ita
621 1317 653 1376 in
665 1315 888 1378 demortuorum
899 1316 999 1378 locum
1011 1314 1206 1377 subtectum.

232 1405 291 1462 out
306 1401 380 1462 ordo
395 1400 502 1471 ordini,
518 1418 578 1461 non
593 1401 682 1461 bomo
699 1400 811 1461 homini
825 1399 972 1480 praelatus
987 1401 1149 1461 videretur.
1172 1409 1208 1452 tt·

262 1486 350 1546 citato
364 1494 464 1546 vetere
478 1495 596 1555 senatu,
622 1484 692 1545 inde
707 1486 819 1563 primos
840 1486 871 1543 in
887 1484 1116 1546 demortuorum
1130 1480 1207 1540 locun

262 1568 341 1647 legit,
358 1570 408 1648 qui
418 1577 485 1647 post
495 1568 527 1629 i.
537 1567 693 1629 Aemilium
701 1568 732 1636 G.
744 1568 920 1629 Flaminium
933 1586 1079 1629 censores
1094 1559 1205 1625 curulem

261 1653 464 1728 magistratum
482 1652 630 1731 cepissent
643 1652 773 1713 necdum
786 1652 817 1712 in
833 1660 967 1714 senatum
979 1652 1052 1714 lecti
1067 1655 1172 1713 essent,
1185 1647 1213 1734 ll·

232 1735 384 1813 equisque
406 1751 509 1795 eorum
532 1732 680 1814 [senatus]
702 1737 817 1816 primus
834 1743 951 1798 creatus
973 1749 1057 1805 erat;
1081 1728 1204 1802 tamiagi

262 1817 312 1895 qui
332 1815 455 1886 aediles,
473 1817 585 1878 tribuni
605 1817 701 1897 plebis
721 1830 929 1899 quaestoresve·
949 1820 1084 1889 lucrant;
1108 1826 1163 1876 tum
1179 1823 1204 1865 ei

262 1901 310 1970 iis,
333 1900 384 1978 qui
395 1902 581 1980 magistratus
592 1905 721 1976 minores
737 1905 898 1983 cepissent,
921 1905 972 1983 qui
983 1904 1080 1984 spolia
1095 1919 1128 1961 ex
1137 1898 1204 1988 boeti
1258 1945 1259 1964 ,

233 1984 319 2044 tlixa
336 1983 416 2045 domi
435 1985 581 2054 baberent
593 1996 643 2048 aut
657 1987 779 2047 civicam
799 2005 940 2049 coronam
955 1990 1146 2068 accepissent
1174 1983 1204 2034 tlt
1258 1979 1259 2004 ¹

262 2078 382 2151 centum
396 2072 580 2149 septuaginta
595 2079 709 2150 septem
725 2088 792 2133 cum
810 2073 924 2150 ingenti
939 2071 1150 2150 adprobatione
1164 2061 1205 2154 ¹¹9·

261 2154 375 2214 minum
390 2154 421 2213 in
432 2163 566 2215 senatum
581 2152 666 2215 lectis
681 2153 827 2234 extemplo
839 2174 871 2217 se
883 2158 1058 2233 magistratu
1071 2149 1202 2215 abdicant,
1258 2177 1259 2182 κ

262 2237 450 2315 privatusque
473 2237 510 2297 de
537 2239 641 2298 rostris
668 2237 819 2300 descendit
844 2237 997 2300 lictoribus
1020 2239 1105 2300 abire
1125 2225 1203 2294 tusis

234 2318 426 2398 8turbaeque
439 2338 472 2381 se
487 2322 637 2382 inmiscuit
651 2323 779 2399 privatas
790 2324 940 2401 agentium
954 2342 1021 2394 res,
1037 2334 1148 2399 tempus
1159 2312 1202 2371 11⁰⁶
1258 2317 1259 2322 ’

261 2402 364 2464 sedulo
381 2411 495 2474 terens,
513 2423 552 2465 ne
574 2404 741 2466 deducendi
765 2407 811 2467 sui
831 2425 919 2469 causa
940 2399 1082 2488 populum
1106 2402 1139 2463 de
1153 2396 1202 2456 f⁰f⁰

262 2484 435 2548 abduceret:
451 2506 548 2567 neque
568 2498 669 2548 tamen
678 2487 815 2567 clanguit
825 2508 896 2551 cura
911 2492 1066 2553 hominum
1080 2507 1112 2549 ea
1127 2493 1200 2573 metir

233 2567 489 2649 utrequentesque
506 2590 573 2631 eum
592 2573 713 2632 domum
730 2572 924 2635 deduxerunt.
961 2574 1065 2636 consul
1079 2577 1157 2634 nocte
1167 2575 1199 2620 1¹1·

261 2654 395 2727 sequenti
410 2653 447 2713 ad
461 2657 628 2714 exercitum
642 2655 720 2714 redit
734 2674 795 2716 non
813 2657 890 2719 iacto
910 2660 1038 2719 certiore
1052 2662 1161 2719 senatu,
1174 2656 1201 2701 ¹¹⁰
1258 2715 1259 2718 ,

262 2734 447 2794 comitiorum
464 2752 551 2796 causa
567 2739 600 2796 in
617 2735 693 2798 urbe
706 2740 896 2803 retineretur.

236 2824 249 2874 1
326 2816 424 2879 XXIV.
454 2819 576 2881 Postero
592 2822 640 2882 die
657 2822 808 2884 consultus
823 2844 840 2886 a
854 2826 892 2886 bl.
905 2826 1070 2905 Pomponio
1086 2824 1200 2904 praetore

47 2887 50 2888 ⁷
107 2903 110 2904 ⁷
162 2921 178 2946 2>
262 2913 381 2964 senatus
396 2902 526 2964 decrevit
538 2906 675 2968 dictatori
692 2907 897 2978 scribendum,
913 2910 970 2980 uti,
988 2911 1013 2969 si
1029 2929 1045 2970 e
1061 2926 1095 2969 re
1104 2895 1198 2985 publici

263 2997 399 3048 censeret
413 2986 493 3058 esse,
510 2990 547 3050 ad
562 2991 698 3052 consules
714 2991 918 3068 subrogandos
935 2995 1049 3054 veniret
1070 3007 1132 3053 cum
1152 2993 1197 3042 1¹¹³·

233 3073 357 3150 agistro
375 3073 505 3150 equitum
518 3085 547 3134 et
558 3087 696 3155 praetore
711 3075 749 3135 M.
765 3074 919 3144 Marcello,
936 3086 1018 3137 uter
1034 3078 1070 3136 iis
1085 3076 1199 3155 praesti·
1258 3089 1259 3108 ¹

156 3155 160 3161 ’
263 3155 341 3216 tibus
356 3172 481 3215 noscere
494 3167 594 3236 patres
610 3168 745 3236 possent,
771 3177 829 3237 quo
847 3169 923 3219 statu
942 3177 991 3219 res
1005 3159 1119 3239 publica
1132 3151 1196 3211 eiiii
1258 3189 1259 3192 ¹

255 3243 440 3322 consiliaque
459 3261 497 3304 ex
516 3241 608 3305 rebus
628 3252 781 3324 caperent.
819 3245 873 3324 qui
895 3246 984 3306 acciti
1000 3254 1098 3315 erant,
1119 3240 1199 3299 omnes
1258 3289 1259 3300 2

228 3333 401 3388 creuerunt
414 3326 529 3387 relictis
542 3327 658 3404 legatis,
674 3328 726 3407 qui
741 3325 911 3405 legionibus
923 3339 1105 3406 praeessent.
1126 3319 1196 3381 dicta
1258 3321 1259 3350 l

255 3418 302 3468 tor
317 3410 354 3470 de
369 3428 401 3470 se
415 3429 511 3488 pauca
525 3429 561 3472 ac
579 3410 697 3472 modice
712 3411 830 3476 locutus
849 3413 880 3472 in
896 3413 1072 3490 magistrum
1091 3404 1197 3488 equilum
1258 3389 1259 3484 l

255 3489 301 3554 'iit
319 3491 529 3588 Sempronium
544 3494 711 3554 Gracchum
733 3513 871 3573 magnam
891 3506 1007 3575 partem
1030 3497 1135 3573 gloriae
1148 3494 1195 3542 rer·
1258 3493 1259 3566 q
