2575 4067
240 238 301 302 too
426 251 518 296 mnu
533 253 575 297 ix.
591 251 660 297 one.
675 236 719 296 tt.
735 240 777 294 1³.
792 230 833 316 [e.
848 254 879 298 n.
894 256 920 297 c.
935 225 997 313 4³4]

212 401 319 470 unuin
333 399 383 462 lux
396 417 512 481 pugnae
534 401 650 463 initium
671 399 740 472 luit,
764 419 853 482 quam
865 396 1041 480 aliquamdiu
1055 405 1177 472 aequem,

240 492 270 546 et
282 484 351 564 qula
363 501 418 566 pro
433 486 493 546 aris
507 503 541 547 ac
555 484 628 546 iocis
642 484 850 557 dImicabatur,
867 492 897 547 et
909 486 977 565 qnia
988 500 1024 543 ex
1036 476 1117 541 tectis
1132 470 1177 536 ad·

239 566 356 631 iuvabat
367 565 482 630 inbellis
496 567 665 641 multitudo,
680 575 780 632 umen
793 566 960 649 Fregellani
976 563 1178 629 sustinuerunt

210 653 320 714 tinans
335 652 442 714 deindo
451 670 515 715 rem
529 652 693 724 inclinarit,
710 654 789 734 quod
799 670 902 714 rocem
922 650 1018 716 audiri
1034 640 1178 729 praeconii

240 736 318 816 passi
332 743 401 797 sunt
414 736 593 800 incolumem
615 736 779 810 abiturum,
800 738 850 817 qui
873 754 956 799 arma
968 733 1119 816 posuisset
1149 739 1179 786 ti

239 838 306 900 spes
327 821 439 881 remisit
459 839 477 882 a
496 822 657 883 certamine
673 823 799 893 animos,
818 829 848 883 et
861 822 971 901 passim
991 833 1071 881 arma
1087 807 1179 873 iactari

209 909 227 962 t
239 911 351 985 coepta.
379 906 558 985 pertinacior
568 923 637 985 pars
652 913 763 968 mmata
778 922 979 985 penarensem
993 907 1105 985 portam
1119 910 1179 955 eru·

238 990 281 1068 pit
294 989 443 1069 tutiorque
458 990 500 1050 eis
512 989 632 1051 audacia
647 990 701 1051 init
712 1008 800 1069 qnam
813 991 949 1052 incautus
961 988 998 1051 ad
1010 977 1179 1048 credendum

238 1073 344 1134 ceteris
364 1090 468 1153 pavor,
495 1091 568 1154 quos
594 1073 791 1136 circumdatos
816 1074 893 1154 igni,
921 1072 1097 1154 nequiquam
1117 1064 1179 1122 leot

237 1156 384 1236 iidemque
398 1157 580 1229 invocantes,
596 1157 742 1219 Samnites
757 1163 1028 1220 concremaverunt.

208 1243 225 1297 9
299 1238 439 1302 Consules
453 1241 531 1302 inter
546 1259 578 1302 se
592 1241 694 1321 partiti
715 1242 894 1320 provincias,
916 1240 1051 1322 Papirius
1065 1236 1096 1296 in
1108 1233 1179 1311 lpu-

236 1323 305 1386 liam
320 1323 357 1385 ad
378 1324 531 1386 Luceriam
546 1327 657 1404 pergit,
677 1322 728 1385 nbi
747 1325 859 1405 equites
875 1324 1001 1387 Romani
1022 1317 1135 1384 obsides
1142 1309 1180 1414 'ad

237 1407 378 1470 Caudium
392 1407 452 1468 dati
463 1407 716 1479 custodiebantur,
731 1407 873 1470 Publilius
883 1409 915 1470 in
931 1409 1051 1472 Samnio
1062 1401 1180 1466 substitit

195 1491 375 1552 ttadversus
389 1489 533 1552 Caudinas
556 1488 695 1569 legiones.
735 1491 873 1554 distendit
896 1510 930 1555 ea
951 1511 1002 1555 res
1016 1485 1181 1554 Samnitium

235 1576 363 1645 animos,
382 1573 461 1652 quod
476 1591 531 1634 nec
551 1574 588 1634 ad
601 1574 757 1637 Luceriam
773 1577 834 1648 lre,
857 1593 895 1637 ne
917 1575 954 1638 ab
968 1584 1054 1655 tergo
1067 1571 1181 1665 instaret

234 1656 343 1727 hostis,
360 1673 415 1717 neo
429 1674 564 1728 manere,
580 1675 618 1718 ne
634 1658 757 1720 Luceria
771 1660 890 1722 interim
903 1662 1102 1726 amitteretur,
1118 1657 1181 1716 satin

194 1746 224 1798 11
235 1739 389 1803 audebant.
418 1741 560 1819 optimum
570 1741 665 1803 vuum
679 1749 723 1804 cst
737 1745 920 1806 committere
933 1762 999 1806 rom
1013 1744 1145 1805 iortunae
1155 1743 1181 1795 et

234 1823 397 1902 transigere
411 1841 478 1884 cnm
494 1822 619 1886 Publilio
629 1833 789 1889 certamen.
819 1829 917 1907 itaque
931 1829 963 1889 in
981 1829 1074 1891 aciem
1089 1821 1180 1902 copiti

206 1907 370 1969 reducunt.
413 1906 488 1969 lilii.
521 1908 667 1970 Adversus
689 1927 762 1989 quos
775 1909 917 1973 Publilius
938 1911 1043 1974 consul
1059 1926 1125 1972 oum
1142 1901 1177 1965 (ll⁸

233 1990 392 2053 micatnrus
403 1997 492 2062 esset,
508 1993 590 2073 prius
600 1991 800 2073 adloquendos
810 1994 917 2057 milites
927 2004 1011 2060 ratus
1021 1993 1180 2059 contionem

233 2074 367 2137 advocari
391 2076 482 2138 iussit.
518 2084 648 2139 ceterum
668 2079 743 2140 sicut
756 2079 868 2158 ingenti
885 2078 1036 2145 alacritate
1053 2078 1089 2141 ad
1103 2088 1178 2157 prae·

234 2160 342 2221 lorium
358 2178 535 2224 concursum
556 2169 614 2234 est,
632 2163 673 2223 ita
695 2180 768 2243 prae
785 2162 913 2225 clamore
933 2164 1118 2243 poscentium
1132 2174 1180 2239 pu·

204 2251 319 2322 tgnam
332 2242 411 2306 nulla
427 2244 592 2309 adhortatio
606 2246 792 2327 imperatoris
809 2246 905 2309 audita
920 2255 979 2309 est:
995 2266 1068 2311 suus
1083 2243 1180 2322 cuique

174 2339 179 2347 ·
231 2330 346 2390 animus
365 2346 478 2391 memor
492 2331 670 2409 ignominiae
687 2330 858 2393 adhortator
869 2330 980 2394 aderat
1010 2332 1120 2394 radunt
1131 2324 1180 2403 lgi-

231 2419 279 2472 tur
294 2413 325 2472 in
339 2412 485 2491 proelium
501 2421 640 2493 urgentes
658 2414 829 2493 signiferos,
854 2421 898 2487 et,
920 2433 958 2477 ne
971 2434 1057 2479 mora
1070 2416 1101 2477 in
1116 2426 1180 2473 con·

231 2511 320 2556 cnrsu
340 2494 406 2574 pilis
431 2496 597 2558 emittendis
618 2498 856 2578 stringendisque
876 2498 945 2561 inde
973 2498 1080 2579 gladiis
1100 2498 1180 2562 esset,

129 2609 132 2613 ·
230 2575 288 2655 pila
316 2574 394 2639 reiut
419 2578 486 2639 doto
512 2579 549 2641 ad
573 2580 603 2640 id
627 2582 711 2659 signo
737 2579 867 2644 abiciunt
890 2584 1058 2666 strictisque
1083 2577 1180 2663 gladiis

202 2666 318 2720 tcursu
337 2660 369 2719 in
390 2660 504 2722 hostem
524 2662 668 2725 teruntur.
704 2663 778 2725 nihil
799 2664 860 2727 illic
888 2668 1095 2748 imperatoriae
1115 2660 1180 2726 artis

230 2741 383 2804 ordinibus
402 2753 452 2805 aut
473 2743 611 2808 subsidiis
631 2746 764 2811 locandis
779 2748 847 2820 iuit;
874 2753 971 2812 omnia
985 2754 1030 2814 ira
1050 2745 1180 2814 mitioris

198 2834 321 2908 ‹sprope
343 2844 450 2889 vesano
467 2828 580 2909 impetu
600 2832 669 2911 egit.
700 2833 799 2913 itaquo
821 2851 881 2895 non
900 2835 957 2896 iusi
975 2836 1064 2897 modo
1086 2834 1180 2895 hostes

228 2920 310 2982 sunt,
325 2911 378 2975 sed
393 2930 431 2973 ne
442 2914 544 2974 castris
560 2916 679 2995 quidem
692 2918 753 2978 suis
769 2917 869 2996 lugam
882 2917 1016 2999 inpedire
1032 2919 1095 2981 ausi
1105 2917 1179 2996 ipu-

231 2995 299 3057 liam
316 2995 447 3081 dissipati
463 2999 591 3078 petiorc;
612 3000 767 3062 Luceriam
787 3008 886 3063 tamen
907 3010 1007 3065 coacto
1032 3018 1134 3065 rursus
1150 2998 1178 3058 in

199 3090 318 3143 bunum
336 3082 453 3160 agmine
467 3089 511 3143 est
531 3091 713 3164 perventum.
749 3085 898 3148 Romanos
911 3088 956 3149 ira
972 3086 1090 3158 eadem,
1107 3095 1178 3165 quac

226 3181 280 3244 per
302 3164 430 3228 mediam
450 3166 543 3227 aciem
562 3166 692 3230 bostium
707 3167 828 3241 inierat,
847 3179 876 3232 et
890 3172 922 3232 in
937 3180 1033 3233 castra
1049 3166 1177 3252 pertulit

225 3245 267 3307 ibi
280 3246 346 3327 plus
360 3267 448 3330 qnam
459 3250 491 3311 in
502 3250 565 3312 acie
576 3254 728 3332 sangrinis
739 3271 773 3314 ac
788 3253 887 3316 caedis
899 3253 1023 3327 iactum,
1039 3251 1176 3335 praedae·

196 3333 760 3499 squelxallcllrllorallclocfflllpirio
784 3421 903 3484 consule
925 3420 998 3485 locis
1020 3416 1173 3484 maritimis

223 3506 398 3577 pervenerat
410 3500 505 3579 Arpos
520 3519 575 3580 per
589 3504 686 3564 omnia
708 3513 812 3582 pacata
826 3505 1002 3568 Samnitium
1019 3504 1113 3584 magis
1128 3501 1172 3563 in·
