2575 4067
230 245 289 304 126
417 260 509 301 amaa
523 261 566 301 11.
583 260 652 301 ora.
667 247 711 302 ³0.
727 247 770 301 al.
787 238 828 321 [a.
843 262 873 303 u.
889 260 914 299 c.
933 238 996 315 443]

227 408 311 467 initio
336 407 405 466 anni
431 408 525 485 questi
554 407 630 486 apud
655 407 795 486 populum
826 406 1021 467 deformatum
1048 402 1184 465 ordinem
1284 437 1285 460 i

228 508 316 572 prava
331 488 456 550 lectione
469 497 600 560 senatus,
618 508 674 569 qua
689 492 818 569 potiores
829 489 939 569 aliquot
953 487 1036 548 lectis
1051 498 1184 566 praeter-

202 575 260 635 riti
276 579 387 642 essent,
410 581 591 652 negaverunt
606 592 669 634 eam
685 574 840 634 lectionem
862 591 914 643 se,
936 590 1010 651 quaa
1032 573 1095 632 sine
1110 573 1186 632 recti

228 658 375 737 praviquev
390 656 558 717 discrimine
583 655 620 717 ad
637 659 761 735 gratiam
782 675 817 718 ao
832 655 985 716 libidinem
1004 655 1079 716 iacta
1096 662 1183 724 esset,

228 739 447 808 observaturos,
470 749 500 800 et
519 748 652 801 senatum
672 740 818 820 externplo
834 741 996 799 citauerunt
1020 758 1055 799 eo
1070 737 1185 807 ordine,

228 824 277 905 qui
300 831 368 885 ante
387 840 527 884 censores
546 823 619 902 App.
639 822 790 884 Claudiurn
810 831 839 883 et
859 822 890 883 C.
912 822 1057 883 Plautium
1078 821 1185 882 iuerat.

201 916 259 970 aet
271 907 329 968 duo
343 908 468 985 imperia
484 925 519 967 eo
530 924 607 966 anno
623 907 687 967 dari
701 917 804 984 coepta
819 924 874 984 per
888 904 1043 986 populum,
1059 913 1185 984 utraque

228 992 405 1071 pertinentia
419 989 456 1050 ad
478 1008 541 1049 rem
557 987 730 1051 militarem:
751 1007 857 1061 unum,
877 998 910 1050 ut
930 988 1040 1049 tribuni
1060 987 1185 1049 militum

228 1076 293 1136 seni
305 1073 374 1134 deni
388 1075 418 1134 in
440 1081 575 1152 quattuor
591 1071 754 1150 legionesa
773 1072 882 1153 populo
899 1082 1084 1142 crearentur,
1110 1090 1185 1151 quae

229 1166 332 1227 antea,
349 1174 491 1237 perquam
509 1157 610 1235 paucis
626 1157 763 1234 suffragio
774 1156 875 1236 populi
899 1155 1008 1217 relictis
1024 1157 1106 1225 locis,
1125 1155 1186 1214 dic·

228 1249 357 1304 tatarum
373 1249 402 1301 et
415 1239 569 1301 consulum
584 1239 678 1300 ferme
693 1240 810 1300 iuerant
823 1239 980 1307 beneiicia;
1008 1237 1103 1300 tulere
1121 1257 1186 1299 eam

201 1326 412 1404 erogationem
426 1323 537 1385 tribum
558 1321 656 1402 plebei
669 1323 703 1385 L.
720 1322 823 1384 Atilius
837 1323 869 1384 C.
884 1323 1026 1391 Marcius:
1050 1321 1185 1391 aitemrm,

229 1417 262 1471 ut
272 1409 441 1470 duumviros
452 1406 567 1469 navales
578 1404 679 1467 classis
690 1406 840 1467 ornandae
851 1405 1086 1484 reficiendaeque
1099 1423 1186 1466 causa

228 1493 307 1553 idem
324 1490 449 1570 populus
463 1489 591 1559 iuberem
624 1489 699 1550 lator
719 1490 805 1550 huius
819 1489 914 1568 plebis
931 1491 996 1550 sciti
1011 1489 1114 1550 iuitM.
1130 1489 1186 1549 lie·

230 1578 293 1636 cius
312 1573 446 1634 tribunus
459 1572 563 1651 piebis,

202 1667 218 1714 o
244 1695 247 1700 ,
293 1656 430 1716 Eiusdem
452 1658 520 1716 anni
534 1673 598 1717 rem
619 1657 699 1716 dictu
722 1674 842 1736 parvam
863 1657 1072 1737 praeterirem,
1094 1656 1124 1713 ni
1151 1654 1187 1713 ad

231 1740 404 1817 religionem
426 1741 486 1799 visa
507 1747 584 1800 esset
605 1741 764 1817 pertinere.
796 1739 945 1810 tibicines,
962 1740 1030 1819 qula
1044 1737 1188 1816 prohibiti

230 1842 247 1884 a
262 1823 404 1901 proximis
420 1822 591 1883 censoribus
606 1830 691 1882 erant
704 1825 736 1882 in
752 1823 824 1883 aede
837 1823 911 1883 lovis
921 1824 1016 1892 rosei,
1031 1821 1109 1901 quod
1127 1831 1189 1881 tra·

231 1907 323 1967 ditum
336 1908 494 1987 antiquitus
509 1916 587 1974 erat,
611 1923 700 1983 aegre
713 1921 714 1924 ’
719 1909 798 1986 passi
812 1906 904 1966 Tibur
919 1924 979 1967 uno
1001 1907 1118 1983 agmine
1134 1903 1187 1964 ab·

229 1994 342 2061 ierunt,
360 1989 432 2051 adeo
447 1998 480 2051 ut
494 2007 581 2050 nemo
597 1992 626 2049 in
645 1989 720 2050 urbe
735 1996 826 2060 esset,
842 1991 892 2068 qui
905 1989 1057 2051 sacrificiis
1072 1990 1189 2067 praeci,-

202 2083 324 2135 6neret.
354 2074 417 2134 eius
437 2075 481 2136 rei
500 2072 605 2151 reilgio
626 2075 721 2134 tenuit
741 2081 889 2142 senatum,
910 2079 1079 2151 legatosque
1094 2072 1189 2132 Tibur

230 2160 387 2229 miserunt,
405 2167 438 2219 ut
451 2159 556 2218 darent
571 2175 707 2237 operam,
723 2165 756 2218 ut
765 2158 787 2216 ii
797 2157 933 2217 homines
947 2156 1088 2218 Romanis
1102 2157 1190 2215 resti·

201 2250 391 2305 rtuerentur.
424 2241 572 2303 Tiburtini
588 2240 716 2318 benigne
730 2238 852 2318 polliciti
867 2241 996 2319 primum
1010 2239 1120 2300 accitos
1135 2256 1187 2299 eos

230 2329 261 2388 in
282 2328 393 2388 curiam
413 2326 521 2387 hortati
541 2333 622 2395 sunt,
642 2326 686 2384 uti
706 2330 927 2386 reverterentur
944 2324 1081 2389 Romamz
1107 2331 1190 2399 post·

231 2429 317 2490 quam
338 2409 461 2488 perpelli
486 2407 664 2488 nequibant,
692 2406 814 2469 consilio
842 2407 921 2468 baud
948 2406 1128 2467 abhorrente
1153 2406 1190 2467 ab

203 2494 356 2571 eingeniis
370 2492 522 2552 hominum
546 2510 596 2551 eos
617 2491 839 2568 adgrediuntur.
876 2491 924 2552 die
949 2490 1024 2550 lesio
1045 2489 1094 2549 alii
1114 2488 1190 2549 alios

231 2592 285 2652 per
300 2576 429 2654 speciem
443 2573 686 2635 celebrandarum
703 2583 791 2635 cantu
808 2574 958 2654 eprrlarum
977 2571 1095 2654 [causa]
1113 2573 1190 2631 invi·

231 2665 295 2718 tant
309 2664 339 2716 et
353 2657 436 2726 vino,
455 2657 539 2716 cuius
555 2656 671 2716 andum
692 2657 786 2717 ierme
801 2675 893 2736 genus
910 2665 968 2729 est,
989 2665 1126 2717 oneratos
1142 2674 1190 2716 so·

203 2741 331 2820 apiunt,
357 2747 444 2818 atque
464 2741 504 2799 ita
522 2740 553 2798 in
578 2736 709 2819 plaustra
729 2758 832 2802 somno
853 2741 965 2802 vinctos
984 2740 1135 2801 coniciunt
1156 2757 1191 2799 ac

233 2825 356 2886 Romam
372 2822 537 2900 deportant.
566 2840 621 2884 nec
637 2826 720 2903 prius
743 2842 877 2894 sensere,
899 2843 987 2904 quam
1003 2822 1144 2904 plaustris
1159 2824 1191 2882 in

190 2914 222 2967 ro
234 2908 298 2970 ioro
313 2906 423 2968 relictis
438 2906 542 2988 plenos
557 2907 694 2988 crapulae
710 2927 760 2970 eos
780 2908 831 2970 lux
845 2910 1001 2990 oppressit.
1033 2916 1104 2967 tunc
1119 2923 1191 2967 con-

232 3010 335 3053 cursus
349 2991 451 3071 populi
464 2991 572 3060 iactus,
593 2993 824 3073 impetratoque,
845 3000 878 3053 ut
892 2999 1060 3061 manerent,
1080 2990 1189 3060 datum,

231 3085 264 3137 ut
280 3076 410 3136 triduum
427 3077 582 3155 quotannis
604 3078 700 3136 ornati
721 3094 788 3137 cum
809 3085 897 3138 cantu
915 3084 1001 3155 atque
1022 3075 1093 3145 bac,
1115 3090 1191 3153 quae

232 3177 311 3220 nuno
326 3158 478 3220 sollemnis
493 3167 550 3228 cst,
567 3155 685 3220 licentia
702 3178 757 3241 per
772 3159 877 3221 urbem
897 3170 1086 3237 vagarentur,
1104 3158 1191 3217 resti·

230 3252 383 3323 tutumque
395 3244 425 3303 in
442 3241 515 3304 aede
530 3241 667 3302 vescendi
680 3245 726 3304 ius
738 3245 784 3313 ils,
799 3244 850 3323 qui
865 3243 957 3303 sacris
971 3243 1190 3321 praecinerent

230 3326 305 3387 liaeo
319 3327 396 3387 inter
405 3327 530 3387 duorum
541 3327 705 3403 ingentium
721 3326 867 3389 bellorum
882 3343 983 3386 curam
999 3324 1191 3404 gerebantur.

206 3415 217 3464 i
296 3409 397 3469 XXXI.
435 3409 576 3470 Consules
601 3412 680 3469 inter
704 3430 736 3472 se
763 3410 929 3489 provincias
954 3410 1068 3489 partiti:
1107 3407 1192 3468 lunio

234 3492 393 3561 Samnites,
416 3491 538 3552 aemilio
559 3509 666 3552 novum
687 3493 798 3555 bellum
818 3493 936 3555 Etruria
962 3501 1042 3553 sorte
1063 3490 1192 3551 obvenit.
