2575 4067
304 245 398 290 nmen
411 246 476 289 xxx.
499 246 567 291 oar.
587 235 686 291 121³.
705 227 744 310 [a.
761 231 796 293 (l.
811 229 874 312 alt]
1006 235 1070 301 215

102 393 207 458 balem
217 401 308 457 noctu
318 395 480 466 transisset,
497 401 653 475 postquam
668 392 740 456 nibil
751 394 890 458 lacrimae
901 397 1067 470 movebant,

101 479 357 559 condicionesque
370 479 468 538 tristes
478 483 510 539 ut
522 477 558 539 ab
570 479 644 539 irato
656 479 767 539 victore
780 478 960 552 ferebantur,
972 489 1068 544 tram·

102 564 178 641 iuga
199 581 235 624 ex
258 568 377 623 oratore
398 561 494 623 iactus
514 562 593 640 apud
614 562 728 624 hostem
748 564 868 634 mansit,
891 566 1068 629 moriturum

102 646 283 717 adfirmans,
299 646 351 725 qui
365 644 419 707 sub
436 644 659 707 conditionibus
678 647 715 706 iis
729 645 766 707 de
788 663 861 727 pace
877 656 987 727 ageret.
1012 657 1093 729 po·t

102 729 271 791 stulabatur
292 735 404 799 autem,
430 726 591 790 redderent
610 745 660 791 res
678 728 870 803 Turdetanis,
900 730 1067 812 traditoque

104 815 192 875 omni
207 830 279 875 auro
295 819 383 894 atque
398 819 520 891 argento
536 813 647 890 egressi
671 811 746 874 urbe
762 830 829 875 cum
844 813 967 895 singuiis
979 817 1067 877 resti·

103 896 216 959 mentis
226 896 268 957 ihi
281 894 457 966 habitarent,
473 894 526 955 ubi
536 894 652 958 Poenus
661 898 802 959 iussisset.
828 896 882 959 bas
892 899 973 979 pacis
986 897 1096 978 legest

105 979 258 1041 abnuente
281 977 393 1041 Alcone
413 985 587 1059 accepturos
607 980 800 1059 Saguntinos,
826 979 965 1053 Alorcus,
989 983 1066 1043 vinci

106 1064 225 1124 animm
231 1070 245 1132 ,’
257 1061 307 1123 ubl
318 1061 375 1124 alia
384 1063 553 1134 vincantur,
570 1062 744 1135 adilrmans,
760 1082 793 1125 se
806 1067 888 1146 pacis
900 1067 962 1129 eius
973 1067 1065 1128 inter·

104 1152 224 1226 pretem
238 1145 303 1207 fore
318 1144 485 1228 pollicetur.
517 1153 581 1208 erat
595 1153 693 1208 autem
706 1155 770 1208 tum
787 1146 873 1209 miles
883 1146 1064 1220 Hannibalis,

106 1238 241 1291 ceterum
279 1227 377 1291 ubiice
394 1229 564 1307 Saguntinis
577 1231 690 1292 amicus
704 1237 792 1309 atque
804 1230 922 1312 bospes.
955 1231 1091 1294 namur

104 1248 1067 1477 inutilissimumincessuros

128 1480 260 1543 eductus.
304 1499 363 1561 quo
383 1497 451 1541 oum
473 1480 619 1561 extemplo
644 1498 807 1543 concursus
828 1483 924 1543 omnis
946 1484 1094 1563 generlsss

147 1566 261 1625 mnam
273 1571 351 1626 esset
364 1562 467 1634 iactus,
483 1562 619 1627 submota
635 1572 735 1626 cetera
749 1564 936 1628 mualtitudine
945 1574 1066 1630 senatus

105 1646 214 1709 Alorco
226 1648 310 1709 datus
326 1654 383 1718 est,
400 1648 482 1709 cuns
496 1645 563 1709 talis
578 1650 671 1710 oratio
687 1648 750 1711 init.

170 1730 246 1792 lllll.
274 1777 292 1803 „
303 1731 334 1793 Si
348 1732 418 1792 ciris
433 1737 529 1793 uester
542 1729 627 1802 Alco,
644 1733 721 1793 sieut
735 1732 772 1794 ad
786 1749 889 1813 pacem
903 1731 1089 1811 petendaml

108 1811 146 1876 ad
159 1812 353 1876 Hannibalem
370 1815 463 1885 venit,
484 1815 524 1877 ita
539 1816 621 1894 pacis
643 1814 831 1877 condiciones
849 1814 886 1876 ab
900 1813 1064 1878 Hannibale

106 1898 145 1959 ad
157 1915 208 1959 vos
220 1896 376 1969 retulisset,
392 1912 642 1975 supervacaneum
656 1897 713 1958 boc
723 1899 797 1959 mihi
811 1898 915 1957 inisset
926 1899 992 1970 iter,
1005 1916 1064 1978 quo

107 1998 163 2042 nec
177 1988 278 2043 orator
288 1979 459 2043 Hannibalis
470 1996 526 2040 nec
540 1979 692 2057 transfuga
703 1981 740 2041 ad
753 1998 805 2040 ros
818 1981 977 2042 venissem:
994 1988 1091 2042 cuma

106 2063 156 2126 ille
174 2073 224 2127 aut
238 2071 335 2125 restra
350 2072 400 2126 aut
410 2080 462 2123 sua
476 2062 562 2142 culpa
572 2064 713 2123 manserit
724 2062 802 2142 apud
816 2061 932 2122 bostem
944 2096 987 2109 -
1001 2082 1063 2135 sua,

107 2149 254 2210 simetum
265 2146 426 2217 simrdavit,
442 2154 554 2216 vestra,
570 2147 595 2206 si
610 2144 776 2224 periculum
786 2151 830 2206 est
841 2143 918 2225 apud
931 2163 982 2205 ros
994 2162 1065 2206 rera

108 2231 306 2302 referentibus
320 2265 364 2281 --
379 2249 395 2294 e
415 2248 448 2301 o,
466 2247 504 2291 ne
519 2230 697 2308 ignoraretis
712 2246 777 2289 esse
792 2227 904 2307 aliquas
921 2236 951 2289 et
963 2225 1064 2289 salutis

108 2323 138 2374 et
151 2316 233 2394 pacis
247 2314 329 2378 vobis
340 2248 537 2385 confliciones,
549 2331 605 2391 pro
619 2300 683 2374 reli
715 2310 882 2390 ohospitio,
897 2308 977 2389 quod
991 2310 1065 2372 mihi

108 2396 257 2461 vobiscum
275 2407 334 2469 est,
356 2397 393 2461 ad
414 2414 466 2459 ros
487 2397 564 2458 reni.
601 2402 681 2457 vestr
721 2404 819 2457 autem
840 2411 929 2456 causa
961 2411 993 2473 ‘e
1007 2400 1092 2455 nect

109 2479 195 2543 ullius
217 2481 338 2546 alterius
357 2483 453 2564 loqui,
476 2499 550 2561 quae
570 2478 676 2559 loquor
697 2478 775 2561 apud
792 2496 859 2550 ros,
991 2477 1065 2539 fides

56 2626 58 2629 .
108 2566 160 2637 sit,
181 2566 260 2646 quod
283 2584 394 2648 neque,
421 2565 491 2627 dum
515 2566 619 2627 vestris
638 2563 750 2625 viribus
773 2549 936 2634 restitisffi,
958 2578 1064 2642 neque,

96 2648 178 2710 dum
193 2649 299 2713 auxilia
315 2668 332 2712 a
345 2651 487 2713 Romanis
503 2650 658 2731 sperastis,
673 2649 755 2728 pacis
768 2662 907 2728 umquam
919 2646 999 2728 apud
1013 2662 1066 2707 ros

109 2734 287 2794 mentionem
301 2733 368 2796 ieci.
399 2741 554 2815 postquam
569 2750 626 2794 nec
639 2730 677 2792 ab
694 2732 835 2794 Romanis
847 2730 928 2792 vobis
943 2726 1004 2790 ulla
1021 2735 1093 2790 ests

110 2830 190 2890 spes,
206 2833 261 2877 nec
272 2824 369 2880 vestra
401 2836 434 2880 os
448 2819 507 2879 iam
519 2822 569 2876 aut
584 2832 666 2876 arma
680 2824 730 2876 aut
742 2816 860 2875 moenia
875 2814 946 2873 satis
960 2811 1064 2872 deien-

110 2894 197 2962 dnnt,
227 2915 331 2975 pacem
356 2919 373 2961 a
394 2900 520 2961 iero‘ad
545 2915 597 2959 ros
622 2898 717 2975 magis
748 2896 946 2957 necessariam
977 2910 1066 2972 quam

111 2993 242 3056 tequam.
269 2982 351 3044 cuitu
369 2984 410 3042 ita
422 2980 517 3061 aliqua
538 2999 606 3062 spes
620 2987 680 3052 est,
701 2981 726 3040 si
742 2996 821 3047 eam,
839 2992 925 3057 quem
950 2974 989 3042 ad
1004 2982 1095 3036 nro-a

111 3060 178 3121 dum
192 3069 225 3123 ut
241 3063 335 3124 victor
354 3064 413 3125 lert
433 3064 592 3137 Hannibal,
613 3065 657 3126 sic
675 3082 728 3126 ros
751 3070 784 3125 ut
801 3061 871 3121 victi
890 3057 1016 3121 audietis
1037 3066 1068 3119 et

110 3161 168 3205 non
180 3144 226 3219 id,
239 3147 317 3227 qnod
329 3148 486 3217 amittitur,
500 3149 532 3208 in
543 3145 666 3219 damno,
678 3164 745 3208 cum
756 3145 855 3207 omnia
865 3143 986 3204 victoris
998 3143 1066 3213 sint,

110 3228 159 3290 sed
170 3229 313 3311 quidquid
328 3229 505 3310 relinquitur
515 3246 571 3310 pro
582 3246 706 3291 munere
719 3228 848 3291 babituri
859 3228 938 3288 estis.
959 3225 1094 3290 urbemn

110 3311 202 3384 robis,
219 3332 307 3395 mam
324 3334 361 3377 ex
375 3331 481 3393 magna
495 3320 579 3395 parte
603 3300 744 3384 urtam,
760 3318 875 3392 captam
895 3310 959 3372 iere
975 3315 1067 3372 totam

111 3394 211 3468 habet,
227 3396 337 3472 adimit,
353 3416 440 3479 agros
450 3398 603 3479 relinquit,
619 3395 719 3459 locum
731 3396 950 3474 adsignaturus,
966 3394 998 3455 in
1008 3412 1066 3474 quo

113 3495 214 3542 norum
240 3483 381 3565 oppidum
408 3482 574 3545 aedificetis.
612 3498 717 3543 eurum
737 3489 767 3542 et
792 3485 947 3558 argentum
967 3495 1065 3548 omne,
