2575 4067
279 233 372 274 nmen
386 233 450 274 xxr.
468 233 536 274 car.
552 220 592 272 bt.
609 221 653 275 du.
669 221 712 272 ot.
725 214 763 295 [a.
781 217 815 279 O.
830 216 891 298 218]
1002 0 1288 426 a*

110 382 204 443 maior
219 379 358 441 Humanis
376 397 462 458 quam
476 397 531 459 pro
546 397 670 440 numero
684 381 795 441 iactura
809 380 876 451 iuit,
893 384 960 461 quia
975 376 1043 462 equl

111 465 180 524 stris
191 464 304 524 ordinis
315 461 425 542 aliquot
435 471 465 523 et
479 462 590 524 tribuni
601 462 725 523 militum
741 465 868 543 quinque
880 474 909 524 et
922 460 1052 549 praelecl

110 549 258 608 sociorum
284 554 345 607 tres
371 554 439 607 sunt
459 546 615 608 interfecti.
660 547 821 608 secundum
848 557 1103 627 compugnemus

111 628 257 691 Hannibal
278 631 308 689 iu
325 630 463 708 Ligures,
487 629 679 710 Sempronius
696 630 805 690 Lucam
825 633 978 693 concessit.
1014 651 1062 692 ve·

110 715 203 774 nlenti
225 715 256 773 in
279 712 401 790 Ligures
426 712 582 775 Hannibali
606 731 661 792 per
688 713 807 774 insidias
827 715 983 792 intercepti
1007 714 1064 775 duo

110 804 283 875 quaestores
297 795 435 865 Romani,
453 796 483 856 C.
499 795 615 858 l‘ulrius
631 803 661 856 et
673 796 706 857 L.
721 797 888 866 Lucretius,
909 815 975 857 eum
992 797 1063 857 duo·

110 879 171 942 bus·
180 879 305 940 tribunis
321 878 445 939 militum
464 881 636 959 etquinque
658 881 801 959 equestris
821 879 932 940 ordinis
949 889 1064 942 senato·

111 982 178 1024 rum
200 964 293 1024 lermc
310 961 424 1032 liberis,
451 981 508 1042 quo
533 981 581 1024 ma
602 964 626 1022 's
640 970 734 1025 ratam
758 964 821 1025 iore
835 965 949 1024 curniis
961 982 1064 1043 pacem

111 1047 340 1125 societatemque
355 1045 504 1117 crederet,
523 1054 567 1107 tra
589 1054 688 1109 untur.

177 1129 237 1192 Lll.
269 1129 343 1190 Dum
359 1130 433 1190 haee
447 1131 477 1189 in
493 1129 574 1190 ltalia
589 1139 746 1209 geruntur,
766 1130 818 1192 Gn.
836 1130 989 1193 Cornelius
1004 1131 1091 1193 Sci-1

110 1217 160 1294 pio
178 1213 396 1293 ianspaniam
418 1230 485 1273 cum
505 1211 598 1274 classe
618 1221 648 1274 et
663 1215 793 1277 exercitu
813 1215 919 1277 missus
940 1233 1007 1276 cum
1028 1214 1093 1274 aba

112 1296 328 1359 ostiollhodani
337 1295 717 1376 proiectustreuaeosque
728 1305 843 1358 montes
854 1300 1065 1360 circumvectus

111 1382 257 1460 Emporiis
272 1378 431 1459 adpulisset
448 1378 584 1451 classem,
603 1382 734 1461 exposite
747 1380 790 1441 ibl
805 1384 935 1444 exercitu
950 1401 1035 1443 orsus
1049 1389 1093 1444 aa

110 1465 263 1527 Lacetanis
280 1481 397 1524 omnem
413 1481 495 1524 oram
511 1481 604 1542 usque
620 1463 657 1525 ad
675 1463 815 1526 Hiberum
832 1466 942 1527 tlumen
957 1467 1064 1544 partlm

110 1547 286 1609 renovandis
301 1545 487 1608 societatibus
498 1548 604 1626 partim
620 1549 702 1608 noris
716 1549 902 1610 instituendis
916 1549 1065 1611 Humanae

112 1632 235 1692 dicionis
255 1630 332 1691 iecit.
367 1628 436 1690 inde
456 1629 645 1692 conciliata*
669 1630 898 1713 clementiaeque
913 1632 989 1694 lama
1005 1641 1091 1693 nono

113 1714 149 1776 ad
164 1714 325 1774 maritimos
343 1713 430 1774 modo
444 1713 581 1794 pupulos,
601 1713 694 1776 sedin
709 1715 934 1777 mediterraneis
948 1734 1065 1796 quoque

112 1816 147 1860 ae
172 1798 317 1857 montanis
342 1796 377 1858 ad
404 1796 565 1858 ferociores
589 1800 647 1860 lam
673 1808 775 1877 gentes
800 1799 902 1870 soloin
930 1818 986 1861 nec
1009 1818 1064 1878 pax

111 1880 199 1942 modo
216 1880 292 1960 apud
307 1899 371 1951 eos,
396 1879 447 1941 sed
468 1882 592 1941 societas
609 1882 696 1942 etiam
717 1900 866 1944 armorum
888 1891 988 1961 parata
1012 1891 1063 1952 est,

112 1963 283 2044 validaeque
303 1963 414 2047 aliquot
429 1963 602 2025 auxiliorum
618 1965 755 2026 cobortes
772 1984 808 2026 er
824 1967 861 2025 lis
882 1967 1065 2044 conscriptae

111 2056 188 2110 sunt.
218 2049 369 2127 Hannonis
384 2048 425 2107 cis
438 2047 580 2108 Hiberum
594 2049 744 2126 provincia
760 2056 838 2116 orat:
854 2066 921 2109 eum
938 2048 1093 2127 relique-t

111 2139 158 2193 rat
171 2130 316 2194 Haunlbal
337 2129 374 2191 ad
389 2132 517 2208 regionis
539 2131 602 2190 eius
620 2130 809 2209 praesidium.
840 2131 953 2210 itaque,
969 2133 1065 2210 prius·

68 2237 70 2241 ¹
111 2233 198 2295 quam
213 2214 412 2276 alienarentur
424 2212 537 2283 omnia,
553 2212 668 2274 obviarn
683 2213 811 2274 eundum
823 2221 905 2274 ratus
916 2215 1019 2274 castris
1034 2215 1065 2274 in

112 2306 271 2378 conspectu
285 2298 413 2358 bostium
433 2298 535 2376 positis
555 2298 586 2356 in
607 2297 699 2358 aciem
719 2296 827 2358 eduxit.
863 2313 919 2357 nec
933 2295 1093 2357 Romanoa

112 2381 306 2443 dilierendum
322 2387 471 2442 certamen
484 2381 593 2451 visum,
609 2381 717 2460 quippo
735 2382 786 2460 qui
802 2381 892 2441 sciret
905 2397 972 2441 cum
987 2379 1065 2440 llan-

111 2483 189 2526 none
203 2472 232 2526 et
246 2463 427 2527 Hasdrubale
448 2463 504 2525 sibl
524 2463 721 2525 dimicandum
743 2481 821 2535 esse,
842 2462 1000 2543 malletque
1014 2462 1064 2524 ad·

111 2568 211 2611 versus
228 2547 358 2628 singulos
373 2549 529 2628 separatim
550 2565 637 2627 quarn
658 2547 796 2609 adversus
810 2546 883 2609 duos
899 2547 986 2609 simul
999 2565 1063 2609 rem

95 2651 225 2713 gerere.
256 2651 311 2694 nce
324 2633 423 2712 magui
438 2633 606 2694 certaminis
621 2650 655 2693 ea
667 2631 814 2693 dimicatio
828 2632 898 2694 luit:
916 2651 967 2694 ser
985 2632 1089 2694 miliat

110 2718 236 2778 bostium
251 2734 349 2786 caesa,
366 2716 423 2776 duo
438 2723 522 2797 capta
537 2733 603 2776 cum
623 2716 770 2795 praesidio
791 2724 964 2778 castrorum.
996 2734 1064 2777 nam

112 2808 141 2860 et
156 2807 251 2860 castra
267 2806 431 2879 expugnata
444 2806 512 2860 sunt
526 2807 612 2877 atque
626 2801 690 2875 ipse
705 2800 763 2860 dux
779 2819 845 2860 curn
859 2800 969 2879 aliquot
982 2802 1063 2878 prin·

112 2879 227 2959 cipibus
242 2883 396 2959 capiuntur
411 2890 439 2943 et
455 2883 543 2943 Cissis
557 2883 733 2960 propincum
746 2884 848 2942 castris
860 2881 999 2960 oppidum
1015 2899 1064 2940 ex·

111 2969 267 3042 pugnatur.
303 2970 434 3025 ceterum
454 2964 563 3043 praeda
577 2964 677 3045 oppidi
691 2965 774 3044 parvi
789 2966 868 3042 preti
885 2980 985 3023 rerum
1002 2963 1093 3034 luite

112 3043 241 3126 supellex
260 3043 414 3106 barbarica
434 3046 575 3108 acrilium
588 3049 818 3128 mancipiorum
838 3044 1095 3107 eastramilitemu

112 3130 253 3209 ditavere,
271 3145 331 3189 nun
346 3130 409 3190 eius
423 3128 510 3189 modo
531 3132 676 3191 exercitus
698 3132 747 3211 qui
762 3132 855 3191 vietus
871 3137 948 3198 erat,
970 3129 1021 3190 sed
1037 3137 1066 3190 et

112 3214 188 3284 eius,
204 3215 254 3292 qui
269 3226 336 3274 ctum
351 3210 513 3275 Hannibale
527 3213 556 3272 iu
572 3212 654 3274 ltalia
671 3213 828 3283 militabat,
852 3212 988 3273 omnibus
1002 3212 1065 3272 iere

112 3298 187 3359 caris
201 3297 305 3367 rebus,
323 3315 362 3358 ne
373 3297 470 3376 gravia
482 3295 680 3375 iupedimenta
692 3296 853 3357 serentibus
867 3304 978 3364 essent,
993 3298 1064 3356 citra

113 3382 294 3459 Pyrenaeum
305 3380 424 3442 relictis.

174 3463 246 3525 Llll.
281 3467 455 3546 Priusquam
477 3470 556 3525 certa
578 3463 665 3524 buius
692 3462 781 3525 eladis
812 3464 888 3525 lama
910 3463 1087 3530 accideret!
