2575 4067
232 257 293 318 174
419 267 512 311 nmnn
525 269 555 311 x.
580 266 649 310 oar.
664 257 706 307 24.
720 254 763 309 ao.
782 247 822 330 [a.
836 271 869 311 o.
884 271 911 313 o.
925 250 987 329 aab]

190 424 223 477 18
233 416 307 478 duce
327 414 436 476 bellum
455 415 610 477 Etruscum
632 416 696 494 geri
728 422 810 476 recte
828 417 931 496 possit
973 415 1080 477 Fabius
1107 417 1180 480 nihil

231 499 309 562 allud
322 509 458 580 precatus
471 500 611 580 populum
628 501 807 568 Romanum,
824 518 912 579 quam
930 507 976 569 ut,
1008 500 1181 582 priusquam

230 585 307 645 intro
327 590 501 645 vocarentur
521 583 558 644 ad
572 583 742 662 suffragium
757 582 866 654 tribus,
892 584 946 663 hp.
965 581 1077 646 Claudii
1095 602 1181 665 prae·

231 669 303 729 toris
323 667 433 730 adlatas
454 685 491 728 ex
510 667 628 728 Etruria
648 666 761 729 litteras
779 665 932 738 audirent,
952 669 1074 729 comitio
1094 668 1179 731 abiit:

230 770 286 813 nec
298 753 414 813 minore
424 750 526 831 populi
543 768 687 812 consensu
697 767 784 831 qurum
798 758 916 812 serratus
928 753 1080 831 provincia
1094 752 1180 815 Etru·

229 839 273 897 ria
289 846 370 897 extra
384 843 494 896 sortem
511 833 601 897 Fabio
617 834 735 896 decreta
749 843 802 896 cst

202 926 215 977 t
290 920 376 982 XXV.
418 919 583 981 Concursus
603 918 673 980 inde
696 919 732 980 ad
756 917 906 980 consulem
932 918 1026 981 iactus
1049 921 1178 984 omniurn

228 1003 321 1064 ferme
336 1005 498 1074 iuniorum,
522 1010 551 1063 et
566 1021 621 1083 pro
635 1020 668 1064 se
687 1004 810 1083 quisquo
824 1003 944 1064 nomina
958 1001 1079 1064 dabant:
1099 1011 1180 1066 unta

200 1087 333 1167 acupido
351 1095 415 1149 erat
429 1086 483 1148 sub
501 1104 536 1148 eo
551 1085 625 1148 duce
641 1085 786 1166 stipendia
805 1085 941 1148 ludendi.
979 1104 1036 1166 qua
1052 1088 1179 1148 circum-

227 1171 310 1233 fusus
326 1170 426 1233 turba:
443 1216 461 1241 ,‚
470 1177 606 1251 quatmor
621 1170 701 1232 milia
709 1178 727 1203 ‘⁴
740 1171 835 1250 inquit
849 1217 867 1241 „
876 1169 1007 1249 peditum
1021 1178 1051 1231 et
1061 1188 1178 1232 sescen-

226 1262 273 1317 tos
291 1257 402 1335 equites
421 1254 571 1317 dumtaxat
585 1254 716 1316 scribere
735 1256 766 1315 in
789 1255 888 1314 animo
909 1261 968 1324 esta
990 1253 1133 1315 hodierno
1149 1262 1179 1316 et

200 1341 354 1402 tcrastino
370 1339 418 1400 die
433 1341 483 1420 qui
499 1340 617 1400 nomina
635 1338 776 1400 dederitis
796 1355 912 1399 mecum
929 1336 1044 1401 ducam,
1073 1339 1177 1399 maiori

227 1424 299 1484 milri
321 1441 409 1486 curae
429 1431 488 1494 est,
510 1430 543 1483 ut
562 1441 665 1484 omnes
686 1421 846 1502 locupletes
866 1420 1022 1493 reducam,
1043 1439 1129 1502 quam
1142 1432 1177 1483 ut

199 1507 326 1568 imultis
340 1524 405 1568 rem
420 1524 521 1585 goram
537 1506 708 1567 militibus.“
745 1505 894 1586 proiectus
917 1512 985 1585 apto
1001 1505 1132 1567 exercitu
1148 1514 1177 1566 et

226 1608 260 1651 eo
274 1590 340 1670 plus
354 1588 477 1651 fiduciae
488 1606 523 1650 ac
538 1591 601 1668 spei
612 1596 748 1668 gerente,
760 1588 839 1670 quod
852 1606 914 1650 non
924 1587 1088 1651 desiderata
1101 1589 1175 1651 mul·

225 1675 319 1734 titudo
335 1679 412 1743 erat,
430 1671 466 1733 ad
481 1673 621 1753 oppidum
635 1674 798 1744 Aharnam,
818 1671 898 1734 undo
912 1672 991 1734 haud
1004 1672 1109 1752 procul
1123 1673 1175 1734 ho·

199 1762 285 1817 ostes
301 1764 400 1828 erant,
416 1755 453 1817 ad
470 1764 565 1817 castra
579 1757 665 1837 Appii
678 1757 823 1836 praetoris
842 1758 948 1836 pergit
980 1758 1081 1836 paucis
1103 1759 1175 1818 citra

224 1838 342 1901 milibus
356 1839 515 1919 lignatores
535 1842 562 1901 ei
576 1857 644 1901 oum
658 1840 804 1919 praesidio
820 1848 993 1910 occurrunt;
1013 1842 1063 1920 qui
1076 1848 1110 1902 ut
1123 1841 1175 1902 lic·

223 1931 303 1985 tores
316 1924 472 2005 praegredi
486 1924 634 1995 viderunt,
651 1923 832 2004 Fabiumque
847 1942 911 1985 esso
926 1923 1077 1986 consulem
1092 1943 1175 1987 acce·

223 2025 309 2088 pere,
330 2008 399 2069 laeti
423 2017 509 2089 atque
530 2007 642 2070 alacres
663 2008 719 2070 diis
741 2007 909 2088 populoque
928 2008 1062 2071 Romano
1078 2016 1175 2087 grates

195 2097 327 2171 uagum,
342 2092 421 2174 quod
439 2111 506 2154 eum
521 2092 577 2153 sibi
590 2093 800 2173 imperatorem
815 2093 971 2155 misissent
1004 2093 1175 2155 circumfusi

224 2175 330 2239 deinde
343 2195 411 2238 cum
425 2175 574 2239 consulem
589 2176 762 2248 salutarent,
779 2177 893 2255 quaerit
902 2175 1018 2248 Fabius,
1035 2194 1094 2256 quo
1106 2194 1175 2257 per·

222 2270 335 2339 gerent,
347 2260 660 2342 respondentibusque,
672 2260 852 2339 lignatumsc
863 2260 922 2321 ire:
936 2260 1006 2331 „ain
1015 2259 1175 2322 tandeml“

194 2346 316 2426 ‘linquit
346 2393 364 2419 „
372 2363 443 2407 num
464 2351 559 2407 eastra
577 2343 682 2406 vallata
707 2361 768 2405 non
786 2342 944 2405 habetisl“
974 2343 1011 2404 ad
1030 2344 1088 2404 hoc
1108 2362 1175 2405 cum

221 2427 434 2491 subclamatum
449 2436 526 2491 esset
536 2427 645 2508 dupliri
656 2427 775 2508 quidem
789 2425 864 2488 vallo
879 2435 909 2488 et
918 2426 1012 2498 fossa,
1029 2435 1060 2489 et
1074 2434 1173 2489 tamen

220 2511 252 2570 ln
271 2512 384 2590 ingenti
404 2519 485 2573 metu
507 2530 586 2573 esset
611 2511 751 2584 „habetis
770 2512 887 2590 igitur“
908 2512 1005 2591 inquit
1026 2558 1044 2583 „
1052 2511 1172 2573 adfatim

192 2590 384 2670 elignomm,
398 2596 493 2657 redite
505 2602 534 2656 et
543 2594 641 2656 vellite
652 2594 791 2657 vallum.“
811 2594 936 2656 redeunt
950 2597 982 2656 in
992 2603 1096 2666 castra,
1110 2601 1170 2655 ter·

220 2693 378 2757 roremque
391 2675 436 2738 ibi
450 2677 590 2739 vellentes
607 2678 713 2739 vallum
729 2688 760 2740 et
773 2680 809 2740 iis
826 2680 921 2758 quiin
936 2681 1039 2742 castris
1054 2696 1172 2741 roman·

194 2764 322 2821 bserant
332 2759 474 2822 militibus
484 2768 513 2822 et
524 2762 580 2841 ipsi
590 2763 683 2842 Appio
695 2762 837 2828 iecerunt.
863 2770 926 2824 urm
937 2780 993 2843 pro
1006 2764 1171 2843 aequisque

210 2843 270 2907 alli
284 2842 349 2908 aliis
364 2845 462 2907 dicere
480 2845 607 2908 consulis
628 2864 661 2907 se
677 2847 710 2919 Q.
726 2846 810 2908 Fabii
822 2846 920 2908 iacere
935 2849 1025 2910 iussu.
1053 2853 1171 2928 postam

218 2930 288 2992 inde
303 2929 349 2992 die
365 2936 460 2992 castra
475 2938 569 3002 mota,
585 2938 615 2991 et
628 2930 739 3011 Appius
753 2937 873 3010 praetor
886 2930 1010 2993 Romam
1025 2930 1170 2993 dimissus

178 3014 289 3077 iuindc
304 3032 448 3096 nusquam
464 3016 566 3077 stativa
587 3015 727 3077 Romanis
748 3015 841 3079 biera.
870 3014 998 3095 negabat
1015 3014 1087 3077 utile
1108 3031 1171 3076 esso

218 3117 278 3160 uno
292 3098 358 3162 loco
375 3100 479 3160 sedere
494 3101 671 3168 exercitum3
686 3098 842 3161 itineribus
863 3116 899 3161 ac
914 3100 1076 3161 mutatione
1091 3098 1170 3160 loco·

218 3200 286 3245 rum
302 3183 489 3245 mobiborem
510 3201 544 3245 ac
567 3182 761 3245 salubriorem
782 3200 856 3246 esso.
890 3182 1000 3245 debant
1015 3191 1114 3245 autem
1121 3181 1170 3242 ru·

178 3270 207 3322 11
219 3285 300 3338 nera,
318 3275 425 3348 quanta
446 3268 511 3330 heri
530 3266 645 3330 sinebat
659 3268 773 3350 hiemps
787 3267 937 3330 hauddum
953 3275 1064 3330 exacta.
1102 3284 1171 3329 vers

217 3350 286 3411 inde
303 3352 400 3430 primo
413 3352 516 3414 relicta
532 3350 662 3415 secunda
675 3352 791 3432 legione
812 3351 849 3413 ad
865 3352 1007 3424 Clusium,
1023 3350 1102 3433 quod
1117 3350 1171 3414 Ca·

217 3449 296 3493 mars
314 3433 384 3494 olim
398 3435 598 3516 appellabant,
617 3432 843 3517 praepositoque
864 3437 967 3498 castris
981 3437 1015 3498 L.
1033 3436 1172 3516 Scipione

217 3523 428 3593 propraetore,
439 3518 562 3581 Romam
573 3522 637 3602 ipse
649 3520 685 3582 ad
697 3519 920 3584 consultandum
931 3519 968 3582 de
982 3518 1060 3582 bollo
1072 3518 1171 3594 rediit,
