2575 4067
225 213 289 275 auu
382 227 478 269 umus
491 228 522 268 x.
540 226 610 269 oss.
626 216 670 272 47,
686 239 727 252 —
742 224 903 269 rarescens
916 226 979 269 nra.
995 228 1040 271 ιι.

226 392 315 438 censa
335 377 464 454 capitum
484 372 565 435 milia
586 373 713 435 ducenta
733 375 883 454 sexaginta
910 374 968 436 duo
987 383 1121 437 trecenta
1146 377 1193 438 vi·

226 460 300 539 ginti
314 477 417 520 unum.
447 475 586 521 censores
606 458 864 525 vicesimisextia
887 461 991 538 primis
1004 458 1190 531 censoribus,

197 542 351 605 alustrum
361 541 612 603 undevicesimum
626 541 692 602 iuit.
704 574 746 586 -
760 541 872 603 Eodem
887 560 965 604 anno
981 543 1114 605 coronati
1125 545 1191 624 pri·

225 644 308 688 mum
323 624 361 688 ob
376 643 425 688 ree
439 624 518 687 bello
532 624 609 687 bene
627 631 725 705 gestas
738 624 824 687 ludos
840 625 991 689 Romanos
1006 634 1189 708 spectarunt,

223 709 399 791 palmaeque
415 717 479 771 tum
492 710 622 789 primum
633 707 776 770 translato
792 728 809 771 e
826 709 950 771 Graecia
966 728 1051 772 more
1069 712 1190 772 uctori-

197 794 281 855 tbus
295 792 389 855 datae.
405 793 574 855 -Eodem
590 810 668 854 anno
684 792 721 854 ab
734 792 877 855 aedilibus
889 793 1055 864 curulibus,
1070 795 1121 874 qui
1136 812 1190 855 eos

224 877 310 942 ludos
326 877 477 947 iecerunt,
495 877 641 940 damnatis
655 874 767 957 aliquot
780 878 927 956 pecuariis
941 879 987 938 via
1002 878 1130 939 aillamis
1147 879 1190 940 si·

220 962 281 1022 ‘lice
296 960 333 1022 ad
347 959 475 1022 Bovillas
491 967 637 1040 perstrata
652 968 705 1022 est.

195 1052 212 1104 a
308 1044 430 1106 Comitia
452 1043 617 1105 consularia
638 1045 671 1106 L.
689 1043 824 1123 Papirius
844 1044 962 1106 habuit:
987 1046 1097 1106 creavit
1116 1062 1189 1106 oon·

224 1127 303 1191 sules
318 1128 352 1201 Q.
368 1127 491 1190 Fabium
501 1128 621 1190 Maximi
635 1129 656 1188 i.
672 1128 825 1207 Gurgitem
841 1136 871 1189 et
886 1129 921 1190 Ι).
936 1128 1052 1190 lunium
1063 1128 1190 1191 Brutum

225 1213 382 1283 Scaevam;
398 1213 462 1293 ipse
476 1212 611 1291 Papirius
625 1219 746 1292 praetor
763 1212 867 1274 iactus.

196 1306 214 1356 o
287 1295 386 1359 blultis
401 1296 492 1358 rebus
506 1295 600 1357 laetus
620 1314 715 1358 annus
731 1295 778 1357 rix
792 1296 830 1358 ad
850 1296 992 1359 solacium
1006 1297 1093 1358 unius
1109 1293 1189 1366 mall,

223 1378 411 1462 pestilentiae
439 1381 554 1442 urentis
582 1379 669 1441 simul
689 1378 795 1441 urbem
821 1387 909 1461 atque
936 1398 1037 1460 agros,
1063 1379 1189 1449 suffecit,

224 1472 422 1546 portentoque
435 1466 495 1525 lam
506 1463 609 1525 similis
625 1464 724 1525 clades
740 1472 817 1534 erat,
837 1474 866 1525 et
876 1463 946 1525 libri
966 1465 1052 1537 aditi,
1067 1463 1189 1544 quinam

197 1550 294 1611 tdnls
304 1555 355 1609 aut
369 1546 447 1628 quod
463 1546 628 1609 remedium
640 1550 703 1610 eius
716 1546 786 1610 mali
801 1547 838 1608 ab
854 1548 909 1609 diis
924 1548 1054 1611 daretur.
1085 1549 1189 1623 iuren-

225 1640 289 1693 tum
305 1633 335 1691 in
352 1630 436 1693 libris
452 1628 659 1710 Aesculapium
674 1630 711 1693 ab
726 1630 877 1710 Epidauro
890 1633 1016 1695 Romam
1037 1648 1188 1694 arcessen-

225 1715 305 1776 dum.
338 1731 435 1794 neque
449 1732 485 1775 eo
500 1731 594 1786 anno,
610 1716 679 1794 qula
693 1714 772 1776 bello
792 1718 927 1796 occupati
941 1716 1076 1778 consules
1090 1723 1187 1783 erant,

225 1798 382 1879 quicquam
398 1796 435 1859 de
453 1815 487 1859 ca
504 1815 538 1860 re
559 1805 670 1869 actum,
685 1804 892 1881 praeterquam
907 1801 987 1881 quod
1002 1819 1094 1863 unum
1108 1797 1187 1860 diem

225 1881 397 1962 Aesculapio
412 1882 585 1963 supplicatio
601 1881 700 1944 habita
715 1892 768 1944 est.

606 2118 807 2130 *-

519 2319 706 2382 PERIOCHA
725 2319 826 2380 LIBRI
844 2319 892 2380 xl.

292 2487 355 2538 Cum
368 2487 462 2538 Fabius
476 2486 575 2552 Gurges
587 2488 678 2539 consul
695 2487 761 2538 mala
776 2487 900 2537 adversus
911 2484 1036 2535 Samnites
1049 2494 1189 2550 pugnasset

225 2564 250 2605 et
262 2563 367 2604 senatus
386 2555 418 2604 de
440 2555 595 2605 removendo
613 2569 643 2605 eo
660 2555 693 2605 ab
706 2554 820 2605 exercitu
836 2559 935 2618 egeret,
952 2551 1044 2602 Fabius
1060 2551 1189 2602 Maximus

224 2629 296 2687 pater
314 2621 464 2686 deprecatus
480 2620 547 2671 hano
563 2620 601 2669 iili
616 2621 782 2685 ignominiam
795 2635 824 2670 eo
842 2619 953 2670 maxime
970 2625 1087 2669 senatum
1098 2619 1188 2681 morit,

224 2687 295 2753 quod
313 2686 407 2736 iturum
423 2701 452 2736 ae
468 2687 522 2737 ulio
542 2687 655 2751 legatum
673 2688 801 2753 pollicitus
813 2694 865 2747 est,
884 2687 961 2749 idque
972 2686 1107 2752 praestitit.
1132 2685 1188 2734 eius

225 2753 340 2805 consiliis
359 2759 383 2803 et
394 2767 474 2819 opera
484 2753 553 2804 lilius
566 2754 655 2804 consul
667 2755 769 2806 adiutus
787 2755 869 2805 caesis
882 2752 1038 2804 Samnitibus
1049 2751 1188 2817 triumpha·

224 2823 278 2886 vit3
306 2820 333 2873 G.
350 2821 469 2871 Pontium
486 2821 665 2887 imperatorem
688 2821 854 2886 Samnitium,
876 2821 979 2871 ductum
1001 2821 1028 2869 in
1049 2818 1188 2884 triumpho,

224 2890 309 2944 securi
327 2889 463 2956 percussit.
492 2904 550 2939 eum
567 2889 713 2955 pestilentia
736 2890 825 2940 ciritae
847 2889 983 2946 laboraret,
1008 2887 1082 2937 missi
1102 2886 1187 2951 legati,

224 2965 253 3009 ut
269 2957 409 3023 Aesculapi
424 2958 527 3022 signum
544 2957 651 3007 Romam
675 2958 706 3007 ab
724 2958 851 3023 Epidauro
869 2954 1049 3018 transferrent,
1066 2967 1187 3018 anguem,

224 3026 269 3091 qui
280 3041 309 3076 sa
320 3026 347 3074 iu
360 3040 451 3075 navem
469 3040 556 3076 eorum
569 3024 722 3082 contulerat,
740 3025 767 3073 in
779 3039 829 3087 quo
846 3024 931 3088 ipsum
951 3035 1046 3072 numen
1058 3034 1114 3071 esse
1125 3034 1187 3069 con·

224 3094 320 3153 stabat,
333 3093 544 3159 deportaverunt;
558 3106 638 3155 eoque
649 3092 677 3140 in
690 3091 798 3142 insulam
809 3091 908 3141 Tiberia
918 3103 1021 3155 egresso
1032 3087 1119 3139 eodem
1130 3086 1188 3136 ioco

224 3161 301 3210 aedes
313 3160 465 3226 Aesculapio
478 3160 614 3210 constituta
627 3166 674 3213 est.
697 3158 726 3209 1..
738 3159 885 3210 Postumius
897 3156 1046 3216 consularis,
1058 3153 1188 3219 quonlam,

224 3242 284 3277 cum
297 3227 418 3278 exercitui
427 3226 571 3294 praeesset,
584 3240 662 3292 opera
672 3225 781 3276 militum
792 3227 819 3276 in
830 3240 891 3291 agro
903 3238 950 3274 suo
962 3239 1025 3274 usus
1035 3232 1100 3285 erat,
1113 3222 1190 3272 dam·

226 3300 363 3346 natusest.
385 3309 475 3362 pacem
492 3293 638 3361 petentibus
651 3292 806 3344 Samnitibus
823 3293 914 3343 foedus
932 3300 1021 3356 quarto
1039 3295 1189 3341 renovatum

225 3370 272 3413 est.
299 3361 389 3413 Curius
401 3362 524 3413 Dentatus
540 3360 630 3411 consul
647 3359 805 3411 Samnitibus
823 3361 905 3410 eaesis
918 3368 942 3409 et
955 3357 1069 3420 Sabinis,
1093 3357 1136 3420 qui
1148 3370 1190 3404 re·

225 3427 389 3490 bellaverunt,
401 3429 475 3479 uictis
488 3429 548 3479 etin
560 3427 716 3479 deditionem
726 3428 836 3494 acceptis
848 3428 888 3478 bis
901 3428 927 3476 ln
939 3426 1031 3477 eodem
1040 3424 1188 3488 magistratu

226 3493 399 3558 triumpharit.
423 3495 537 3545 coloniae
549 3494 674 3545 deductae
691 3502 751 3546 sunt
764 3495 878 3546 Castrum
892 3493 959 3546 Sena
971 3492 1073 3544 Hadria.
1098 3491 1190 3539 uium-
