2575 4067
232 228 293 289 124
388 242 482 284 smne
494 244 537 284 tx.
554 242 621 285 usn.
638 230 681 279 27.
694 228 738 284 28.
755 218 794 302 [a.
811 244 842 283 u.
857 244 883 282 e.
898 218 1034 299 440-443]

232 406 321 469 eques
341 390 373 449 in
391 406 521 467 pugnam
544 387 686 450 succedit.
731 389 763 447 in
787 387 867 447 huno
883 394 1053 448 transverso
1073 387 1193 465 ugmlne

231 473 310 532 inter
324 469 396 532 duas
409 473 487 531 acies
498 489 531 533 se
544 472 723 533 inferentem
737 470 888 532 Romanus
902 471 1048 550 equitatus
1062 471 1192 533 eoncitat

232 572 324 633 equos
338 555 479 634 signaque
494 562 525 616 et
540 555 660 617 ordines
673 554 806 634 peditum
824 562 912 633 etque
923 555 1055 633 equitum
1067 553 1192 615 ueniun-

192 645 221 697 11
232 637 283 708 dit,
296 637 391 698 donee
401 639 568 700 universam
580 638 617 699 sb
630 655 665 698 ea
675 645 759 717 parte
770 638 874 697 avertit
882 638 985 699 aoiem.
1008 639 1039 697 in
1052 654 1087 698 eo
1098 655 1193 698 cornu

231 738 291 781 non
303 719 451 781 Poetelius
465 720 545 783 solus
565 721 617 782 sed
632 720 779 800 Sulpicius
794 721 881 781 etiam
898 721 1033 781 hortator
1047 719 1192 792 adfuerat,

231 812 349 865 areonm
361 803 399 864 ab
413 806 475 865 suis
484 805 615 866 nondum
627 802 852 865 conserentibus
861 821 967 864 manus
979 804 1018 864 ad
1030 803 1192 865 clamorem

194 896 249 948 tte
264 888 382 948 sinistra
395 896 480 967 parte
494 890 578 967 prius
592 895 736 949 exertum
767 886 846 947 unde
866 886 945 947 haud
961 887 1080 948 dubiam
1101 888 1193 948 vieto·

230 972 306 1032 riam
320 988 447 1031 cernens
461 971 581 1032 eumad
596 988 682 1031 suum
697 988 791 1030 nornu
806 970 942 1031 tenderet
957 989 1024 1031 oum
1039 969 1121 1031 mille
1139 970 1192 1032 du·

231 1055 323 1115 eeutis
333 1055 420 1123 suis,
433 1053 605 1116 dissimilem
614 1053 659 1114 ibi
670 1053 818 1115 fortunam
828 1055 953 1124 invenit,
965 1054 1115 1115 Romanos
1126 1054 1192 1115 lom

230 1136 344 1215 pubes,
372 1139 513 1198 rictorem
535 1138 652 1199 hostem
671 1138 754 1216 signa
775 1138 808 1197 in
826 1136 980 1216 perculsos
1003 1137 1192 1199 deserentem.
1286 1173 1287 1194 2

190 1228 366 1288 lueeterum
388 1222 486 1281 emnia
507 1221 630 1283 mutavit
649 1227 772 1300 repente
793 1218 922 1281 consulis
940 1221 1097 1282 adventus:
1124 1239 1193 1283 nean
1286 1213 1287 1300 J

231 1312 261 1365 et
276 1312 436 1383 conspeetu
449 1305 532 1367 ducis
550 1305 681 1365 retectus
693 1302 821 1365 militum
836 1311 880 1364 est
895 1305 1025 1372 animm,
1048 1312 1078 1365 et
1098 1306 1193 1366 maius
1286 1357 1287 1370 ,

232 1405 319 1467 quam
330 1405 385 1466 pro
400 1404 525 1448 numero
541 1386 681 1449 auxilium
695 1386 876 1448 advenerant
889 1388 981 1449 torus
991 1389 1062 1458 virt,
1077 1395 1109 1450 et
1122 1406 1190 1468 par·

230 1472 269 1531 tls
286 1469 406 1531 alterius
420 1472 542 1531 victoria
558 1469 673 1541 audita,
693 1471 954 1541 mentientium,
978 1471 1126 1550 proelium
1143 1489 1190 1532 re·
1286 1497 1287 1542 ξ

191 1555 336 1615 sustituit.
367 1561 429 1614 tota
445 1552 626 1615 almostam
640 1555 758 1615 sineere
771 1556 836 1616 acie
852 1554 1016 1624 Romanus,
1042 1565 1071 1615 et
1082 1556 1192 1618 omues

231 1638 392 1698 certamine
407 1637 491 1698 eaedi
511 1638 635 1716 oaplque
650 1637 813 1707 Samnites,
835 1640 892 1699 nisi
914 1640 967 1717 qui
984 1637 1191 1706 Maleventum.

231 1722 279 1782 oui
299 1738 378 1781 nune
398 1720 466 1782 urbi
484 1721 685 1781 Beneventum
707 1738 816 1782 nemen
836 1728 895 1791 est,
916 1722 1123 1799 peringerunt
1154 1722 1192 1785 ad
1286 1715 1287 1724 ’

230 1805 350 1903 munta
365 1803 446 1865 milia
460 1821 544 1865 oeesa
560 1811 610 1864 out
626 1810 711 1881 capta
722 1804 898 1866 Samnitium
911 1804 1062 1883 proditum
1078 1824 1190 1867 memo·

204 1895 417 2032 lnaelleitl'lll.
460 1968 602 2032 Consules
631 1971 749 2049 egregie
778 1972 900 2031 victoria
939 1979 1023 2050 parta
1055 1975 1194 2053 protinus

201 2052 298 2113 einde
312 2053 350 2114 ad
364 2053 527 2116 Boviamrm
542 2054 773 2134 oppugnandum
794 2052 926 2132 legiones
942 2055 1068 2125 dueum:
1091 2055 1193 2136 ibique
1286 2099 1287 2102 κ

231 2136 355 2198 hiberna
366 2147 500 2216 egerunt
512 2136 608 2200 donee
617 2137 654 2198 ab
665 2140 748 2199 novis
760 2135 937 2211 oonsulibus,
950 2140 983 2199 L.
988 2139 1109 2219 Papirio
1118 2140 1193 2202 Cur·

231 2238 299 2283 sore
312 2222 447 2302 quintum
459 2220 730 2284 C.1unioBul›uleo
743 2223 866 2292 iterum,
882 2224 1051 2286 nominatus
1065 2223 1192 2285 dietator
1286 2273 1287 2278 ,

231 2306 262 2368 C.
285 2304 432 2367 Poetelius
452 2323 520 2367 oum
539 2304 578 2367 ll.
594 2304 693 2367 Foslio
713 2307 855 2384 magistre
876 2308 1007 2385 equitum
1028 2309 1191 2371 exereitum

202 2390 352 2468 taoeepit.
383 2389 492 2451 iseum
508 2387 638 2451 audisset
659 2405 760 2450 amem
777 2387 982 2467 Fregellanum
997 2390 1035 2454 tls
1050 2391 1192 2454 Samniti·

229 2470 286 2532 bus
308 2478 437 2551 captam,
460 2472 570 2533 ommno
591 2472 719 2534 Boviano
739 2472 776 2536 ad
797 2471 948 2550 Fregellas
968 2476 1075 2552 pergit
1112 2474 1192 2536 unde

231 2561 376 2614 noeuuna
391 2555 566 2615 Samnitium
587 2555 657 2633 iuga
673 2557 737 2618 sino
752 2557 913 2618 certamine
927 2559 1054 2635 receptis
1069 2556 1192 2636 Fregel·

229 2635 266 2696 lis
291 2636 498 2714 praesidioque
524 2635 619 2697 raudo
643 2638 772 2717 inposito
796 2642 828 2701 in
852 2640 1042 2720 Campaniam
1062 2642 1192 2704 reditum

203 2719 358 2782 amaxime
372 2718 409 2779 ad
424 2717 528 2782 Nolam
543 2722 634 2783 armis
649 2724 849 2801 repetendam.
881 2741 917 2785 eo
931 2742 963 2785 se
981 2726 1060 2786 lutra
1074 2726 1192 2786 moenia

231 2802 286 2865 sul)
301 2802 457 2864 adventum
473 2802 625 2866 uoutoris
640 2812 671 2867 et
687 2806 861 2870 Samnitium
875 2810 972 2870 omnis
987 2807 1145 2872 mmutudo
1162 2817 1192 2869 et

202 2887 335 2952 eNolaui
357 2895 488 2965 agrestes
508 2888 704 2953 eontrrlerant.
739 2891 864 2954 dleuter
884 2890 967 2954 urbis
989 2893 1048 2953 situ
1063 2894 1191 2954 olreum·

230 2984 347 3052 specto,
367 2990 426 3051 quo
441 2975 572 3052 apertior
585 2974 681 3036 aditus
697 2974 732 3036 ad
750 2977 865 3038 moenia
881 2983 974 3045 esset,
996 2978 1095 3037 omnia
1109 2975 1191 3037 aedi·

229 3058 295 3122 uota
309 3090 344 3103 ·-
358 3063 389 3118 et
402 3056 574 3136 frequentor
587 3057 629 3118 ibi
641 3057 828 3120 habstabatur
843 3094 881 3104 -
895 3059 1088 3122 eironmieeta
1097 3061 1191 3121 muris

229 3140 369 3203 incendit„
395 3142 506 3201 uerita
524 3139 617 3203 multo
633 3149 701 3221 pest
720 3144 781 3206 sire
795 3161 812 3203 a
826 3141 956 3203 Poetelio
972 3144 1116 3206 dirutore
1129 3145 1191 3204 slve

229 3224 266 3285 ab
287 3226 319 3288 C.
340 3224 424 3286 lunio
445 3223 566 3287 consule
584 3257 628 3274 -··
649 3244 717 3289 nam
740 3234 897 3305 utrumque
918 3226 1044 3289 traditur
1058 3259 1102 3274 -
1116 3225 1190 3290 Nola

202 3314 276 3369 dest
296 3317 391 3388 napta.
420 3310 471 3387 qul
492 3316 595 3389 eaptus
608 3308 701 3374 deeus
714 3308 806 3372 Nolae
828 3310 864 3372 ad
885 3310 1038 3376 consulem
1059 3311 1190 3380 trahunt,

229 3390 359 3453 sdiolunt
371 3391 487 3453 lunum
502 3401 533 3453 et
548 3391 688 3456 Galatiam
705 3394 742 3455 al)
762 3394 866 3456 eodem
888 3403 1001 3473 oopus,
1026 3394 1190 3456 Poetelium

229 3479 327 3534 autem
338 3471 505 3550 pestilentia
514 3484 578 3538 orta
587 3475 662 3540 elavi
673 3477 782 3556 ligendi
789 3495 875 3539 eausa
883 3476 1059 3538 dictatorern
1068 3478 1188 3539 dietum
