2575 4067
228 213 289 280 178
428 229 522 274 cmm
535 231 565 272 x.
582 229 652 273 om.
668 218 711 272 ar.
726 217 770 270 rs.
788 209 829 290 [a.
843 232 874 272 u.
889 226 915 270 c.
930 207 992 289 aaa]

228 379 298 440 stris
315 395 501 458 quocumque
525 395 557 439 se
576 377 770 439 inclinassent
790 377 962 457 accipienda
977 375 1076 438 clades
1089 376 1191 439 luerit

201 461 353 524 rxxvul.
384 462 522 524 Ceterum
536 478 715 542 quamquam
738 462 903 522 communis
919 461 1015 522 adbuc
1029 460 1107 522 biars
1122 460 1194 522 belli

229 554 307 617 erat,
324 544 452 607 necdum
468 544 628 608 discrimen
644 544 765 606 iertuna
778 543 906 616 iecerat,
924 562 983 624 qua
998 544 1102 605 deuna
1114 546 1193 607 vires

229 637 321 701 esset,
350 629 578 711 haudquaquam
607 627 711 690 simids
737 645 836 708 pugna
857 630 888 690 in
919 627 1023 691 dextro
1051 626 1193 708 laevoque

201 722 323 776 acornu
337 720 411 775 erat
442 713 570 776 Romani
590 711 669 792 apud
688 710 812 776 Fabium
839 710 982 775 arcebant
994 713 1089 791 magis
1102 730 1192 791 quam

229 796 397 860 inferebant
408 813 554 878 pugnam,
572 795 841 878 extrahebaturque
854 798 886 858 in
900 815 989 878 quam
1002 797 1131 858 maxime
1144 813 1191 858 se-

199 890 294 945 trum
308 883 367 944 diei
382 889 549 954 certamen,
565 883 633 961 quia
649 882 690 942 ita
699 898 873 961 persuasum
887 888 952 944 erat
966 880 1043 951 duci.
1063 887 1094 941 et
1107 879 1190 942 Sam·

228 968 306 1029 nites
323 974 353 1028 et
370 965 469 1039 Gallos
483 966 581 1045 primo
596 967 711 1045 impetu
725 964 841 1028 ieroces
857 982 938 1035 esse,
960 982 1035 1045 quos
1049 964 1190 1025 sustineri

227 1051 299 1114 satis
314 1051 367 1120 sit;
387 1046 523 1129 longiore
544 1049 707 1111 certamine
728 1050 838 1111 sensim
863 1047 998 1114 residere
1015 1048 1191 1111 Samnitium

199 1136 358 1205 tanimos,
373 1132 524 1197 Gallorum
538 1132 660 1213 quidem
679 1135 768 1196 etiam
783 1151 909 1214 corpora
930 1131 1192 1196 intolerantissima

228 1218 339 1282 laboris
353 1225 441 1299 atque
456 1226 554 1281 aestus
564 1216 666 1289 liuere,
683 1218 838 1298 primaque
849 1216 962 1297 proelia
969 1215 1037 1298 plus
1047 1233 1138 1296 quam
1149 1218 1191 1277 ri·

201 1311 347 1374 trorum,
369 1309 521 1383 postrema
551 1302 650 1365 mirans
674 1319 762 1381 quam
786 1301 966 1364 ieminarum
996 1318 1070 1363 esse.
1103 1299 1134 1360 in
1161 1298 1192 1360 id

231 1396 348 1468 tempus
366 1387 472 1465 igitur,
487 1405 545 1467 quo
560 1388 638 1448 vinci
654 1383 768 1448 solebat
782 1385 891 1457 bostis,
916 1403 1005 1465 quam
1023 1386 1192 1463 integerru-

199 1478 292 1534 tmas
306 1473 384 1533 vires
398 1470 485 1532 militi
498 1469 642 1532 servabat.
679 1469 807 1532 ierocior
824 1469 930 1533 Melus
951 1476 981 1531 et
996 1476 1091 1530 aetate
1105 1475 1136 1529 et
1148 1469 1191 1528 vl·

229 1573 302 1636 gore
328 1555 419 1617 animi
447 1561 718 1635 quantumcumque
749 1555 856 1617 virium
895 1553 999 1616 habuit
1028 1553 1192 1615 certamine

227 1642 325 1720 primo
340 1637 451 1699 eiiudit
483 1645 512 1700 et
532 1639 601 1719 quia
618 1637 727 1700 lentior
745 1637 900 1701 ridebatur
914 1637 1062 1717 pedestris
1082 1653 1191 1717 pugna,

200 1723 391 1802 aequitatum
400 1722 432 1782 in
443 1739 573 1801 pugnam
588 1724 734 1794 concitat,
745 1731 775 1786 et
787 1724 853 1804 lpse
862 1722 1042 1784 fortissimae
1052 1722 1192 1783 iuvenum

229 1815 345 1869 turmae
365 1806 507 1868 inmixtus
531 1813 597 1868 orat
615 1824 757 1886 proceres
777 1808 951 1878 iuventutis,
972 1808 1005 1868 in
1028 1806 1145 1868 bostem
1159 1811 1192 1865 ut

229 1908 330 1953 secum
344 1891 489 1970 impetum
503 1889 626 1953 iaciant:
644 1889 792 1972 duplicem
802 1889 922 1954 illorum
934 1889 1060 1970 gloriam
1074 1889 1148 1960 iore,
1167 1891 1190 1950 si

199 1974 265 2039 tab
283 1974 366 2037 laevo
383 1993 478 2038 cornu
492 1983 521 2037 et
532 1975 569 2037 ab
587 1977 685 2055 equite
697 1977 819 2037 victoria
834 1976 966 2055 incipiat
994 1974 1041 2035 bis
1058 1980 1190 2038 avertere

228 2059 375 2124 Gallicum
390 2062 561 2141 equitatum
591 2062 700 2122 lterum
716 2059 833 2139 longius
849 2066 966 2121 evectos
987 2066 1017 2120 et
1037 2060 1097 2120 iarn
1114 2057 1190 2119 inter

228 2145 324 2207 media
345 2146 479 2225 eqrritum
502 2146 619 2224 agmina
639 2142 786 2224 proelium
813 2145 925 2205 cientes
945 2160 1055 2205 norum
1075 2159 1191 2222 pugnae

94 2225 126 2240 Ἀ
200 2230 392 2292 tconterruit
413 2247 522 2308 genus:
552 2229 664 2291 essedis
693 2229 845 2309 carrisque
867 2234 1039 2307 superstans
1062 2233 1190 2287 armatus

227 2314 321 2376 bostis
336 2315 452 2393 ingenti
466 2315 565 2376 sonitu
586 2330 731 2394 equorum
752 2319 944 2393 rotarumque
969 2310 1088 2373 advenit
1102 2317 1133 2371 et
1146 2311 1191 2371 in-

187 2398 331 2460 insolitos
353 2398 415 2459 eius
435 2396 577 2459 tumultus
597 2396 800 2459 Romanorum
827 2396 992 2458 conterruit
1011 2411 1113 2476 equos.
1152 2395 1191 2455 ita

227 2484 369 2543 victorem
384 2483 546 2561 equitatum
557 2480 636 2543 velut
649 2480 845 2561 lymphaticus
855 2497 948 2561 pavor
960 2479 1100 2558 dissipat:
1116 2485 1191 2539 ster·

187 2573 217 2626 11
229 2566 273 2626 nlt
287 2563 357 2625 inde
376 2571 497 2626 ruentes
517 2583 610 2644 equos
630 2566 767 2645 virosque
786 2564 941 2644 inprovida
961 2563 1041 2642 iuga.
1075 2560 1192 2624 turbata

227 2648 298 2709 blne
313 2647 402 2707 etiam
417 2648 502 2726 signa
520 2647 672 2727 legionum
690 2647 834 2730 multique
855 2649 968 2728 impetu
990 2663 1135 2728 equorum
1156 2662 1192 2707 ac

226 2727 429 2792 vehiculorum
444 2738 598 2812 raptorum
616 2750 673 2812 per
692 2750 798 2811 agmen
820 2731 924 2794 obtriti
939 2731 1135 2811 antesignani.
1163 2738 1193 2791 et

226 2816 375 2887 insecuta,
391 2814 480 2876 simm
495 2816 615 2877 territos
628 2815 731 2878 hostes
741 2816 828 2887 vidit,
853 2816 964 2879 Gallica
982 2817 1062 2877 acles
1076 2813 1190 2877 nullum

185 2900 352 2981 raspatium
366 2900 535 2980 respirandi
547 2900 770 2982 recipiendique
786 2919 818 2962 se
837 2900 928 2963 dedit
961 2899 1120 2962 rocberarl
1135 2899 1191 2961 lie·

226 2987 303 3057 cius,
324 3003 383 3065 quo
403 2985 556 3066 ingerent,
578 3004 704 3066 quamve
718 2986 750 3047 in
769 2985 838 3065 iuga
851 3002 936 3064 spem
952 2983 1114 3054 baberent:
1138 2981 1189 3043 ob·

226 3071 331 3133 sistere
346 3069 520 3133 cedentibus
538 3088 573 3132 ac
592 3087 734 3132 revocare
750 3069 846 3141 iusos;
872 3068 995 3140 deinde,
1016 3075 1050 3130 ut
1067 3065 1146 3129 nulla
1162 3068 1191 3127 vi

225 3152 379 3234 perculsos
404 3156 551 3216 sustinere
575 3161 708 3235 poterat,
733 3161 850 3234 patrem
870 3153 904 3216 P.
926 3154 1049 3216 lineium
1070 3151 1191 3213 nomine

184 3243 216 3299 rt
226 3236 412 3320 conpellans:
428 3238 526 3320 „quid
539 3238 617 3301 ultra
633 3247 761 3301 moror“
783 3239 879 3318 inquit
894 3284 912 3309 „
919 3235 1066 3299 familiare
1079 3235 1192 3298 ieiumi

226 3321 327 3384 datum
341 3321 399 3384 boc
413 3329 515 3385 nostro
530 3325 634 3403 generi
645 3331 703 3395 est,
727 3330 760 3386 ut
778 3321 894 3385 luendis
908 3320 1049 3403 periculis
1063 3318 1190 3403 publicis

225 3404 341 3482 placule
356 3406 463 3468 simus:
480 3407 539 3468 iam
557 3425 612 3487 ego
627 3426 746 3471 mecum
759 3408 888 3469 bostium
902 3406 1035 3485 legiones
1055 3412 1190 3466 mactan-

185 3493 217 3545 14
226 3485 278 3546 das
289 3486 400 3549 Telluri
413 3506 447 3550 ac
460 3489 515 3551 diis
527 3491 664 3554 manibus
674 3491 783 3554 dabo.“
808 3492 883 3554 baec
896 3489 1012 3552 locutus
1022 3489 1060 3552 bl.
1075 3488 1191 3550 unum
