2575 4067
215 218 278 284 ato
365 218 737 273 praemicantem.
758 209 1022 294 adamando]

185 387 202 439 ι
212 338 362 476 publicum
376 378 593 457 privatumque,
605 375 641 436 ad
654 394 685 438 se
696 375 777 438 rubet
789 376 913 448 deferri;
929 395 1054 456 corpora
1066 389 1200 453 vestra,

220 462 377 540 coniugum
392 479 426 521 ac
442 460 602 522 liberorum
624 466 788 521 vestrorum
804 469 899 522 servat
913 459 1063 533 inviolata,
1089 464 1120 523 si
1141 465 1200 524 irr-

187 551 314 606 tlermes
325 562 392 605 cum
404 543 482 604 binis
495 543 675 604 vestimentis
685 540 779 606 vernis
789 542 825 604 ab
840 544 970 623 Sagunto
983 545 1075 606 exire.
1102 546 1199 608 haec

215 631 309 690 vietor
323 627 416 688 hostis
431 629 571 706 imperat;
588 625 676 698 haee,
693 645 868 706 quamquam
884 635 953 689 sunt
968 629 1067 705 gravia
1087 637 1198 708 atque

216 711 336 782 acerba,
359 710 476 772 fortuna
495 718 591 772 restra
609 709 693 772 vobis
713 710 824 772 suadet.
862 710 997 792 equidem
1018 710 1103 772 haud
1130 708 1196 773 d?-

216 792 319 876 speho,
342 812 409 855 cum
430 794 560 855 omnium
580 800 709 873 poteslas
730 795 757 855 ei
769 793 844 855 lacta
865 796 917 865 sit,
941 792 1049 873 aliquid
1070 811 1110 855 ex
1135 795 1193 857 his

216 877 306 940 rebus
325 879 535 947 remissurum;
556 877 608 938 sed
629 876 674 938 vel
695 877 769 939 haec
789 878 926 976 patienda
945 894 1051 938 censeo
1075 880 1190 957 potius

217 979 305 1042 quam
332 961 473 1021 trucidari
501 978 627 1040 corpora
653 967 763 1031 restra,
786 962 850 1039 rapi
875 960 1010 1040 trahique
1032 968 1104 1022 ante
1126 980 1188 1024 ora

219 1052 314 1106 vestra
330 1045 470 1122 coniuges
484 1061 518 1104 ac
532 1043 643 1104 liberos
660 1041 753 1103 belli
745 1061 809 1104 rure
823 1045 956 1105 ιίιιιιίι.α
1031 1064 1037 1073 ·
1281 1110 1282 1119 ¹

190 1134 204 1187 1
280 1127 351 1189 1111
377 1127 737 1190 Αι11ιιιιιιιι11ιιιι1ιιιιιι
752 1126 927 1193 circumfusa
943 1125 1085 1205 paulatim
1101 1127 1187 1189 mul·

219 1211 342 1273 titudine
362 1212 541 1310 permixtum
565 1210 680 1272 senatui
706 1217 783 1271 esset
805 1208 908 1308 populi
928 1209 1105 1283 concilium,
1130 1229 1186 1272 re·

219 1303 308 1374 pente
327 1297 474 1374 primores
501 1295 668 1356 secessione
694 1294 785 1364 iacta,
806 1295 977 1374 priusquam
997 1311 1183 1373 responsum

221 1378 355 1449 daretur,
372 1385 527 1458 argentum
538 1396 700 1458 aurumque
716 1394 803 1438 omne
819 1396 855 1437 ιι
869 1375 987 1456 publico
1002 1378 1184 1457 privatoque

220 1462 251 1522 iu
265 1461 362 1523 iorum
384 1461 562 1523 conlatum
554 1479 585 1522 m
606 1462 705 1550 ign-m
728 1460 764 1521 ad
788 1460 818 1520 id
836 1462 943 1559 raptim
963 1460 1073 1555 lactum
1095 1463 1182 1522 coni-

194 1546 335 1607 2clentcs
355 1544 459 1606 eodem
477 1545 610 1624 plerique
625 1545 789 1624 semetipsi
804 1528 1081 1623 praecipitaverunt„
1109 1562 1180 1606 cum

186 1642 259 1689 ιι
274 1645 309 1688 ιο
323 1645 414 1708 paror
433 1645 465 1688 ac
486 1627 642 1707 trepidatio
657 1635 748 1690 totam
765 1625 871 1688 urbem
886 1628 1077 1706 pervasisset,
1103 1626 1181 1689 alius

220 1711 342 1789 Insuper
365 1709 505 1772 tumultus
532 1728 566 1771 ex
591 1729 658 1772 aree
687 1711 811 1773 auditur.
852 1711 943 1771 turris
963 1709 1013 1772 diu
1041 1721 1178 1790 quassata

221 1793 403 1872 prociderat,
409 1811 532 1892 perque
549 1795 665 1856 ruinam
682 1797 743 1857 eius
759 1794 866 1855 cohors
882 1793 1049 1855 Poenorum
1065 1795 1179 1873 impetu

222 1876 299 1938 iacto
314 1895 380 1938 cum
393 1878 508 1956 signum
524 1878 696 1958 imperatori
712 1877 839 1940 dedisset
854 1876 992 1938 nudatam
1004 1877 1178 1939 stationibus

196 1961 420 2041 aeustodiisque
436 1960 528 2022 solitis
545 1962 672 2023 hostium
688 1979 751 2023 esse
762 1960 883 2031 urbem,
904 1977 964 2022 non
981 1961 1176 2049 cunctandum

223 2045 253 2105 in
274 2044 326 2104 tali
347 2046 500 2107 occasione
524 2052 605 2107 ratus
628 2043 773 2107 Hannibal
796 2046 864 2106 totis
885 2043 996 2104 viribus
1021 2023 1177 2123 adgressus

224 2128 329 2190 urbem
347 2137 497 2190 momento
517 2131 595 2209 cepit
609 2131 694 2208 signo
710 2129 791 2198 dato,
816 2136 849 2189 ut
861 2145 964 2189 omues
983 2126 1139 2207 puberes
1130 2146 1175 2188 ur-

223 2212 438 2275 terlioerentur.
481 2213 559 2293 quod
587 2214 745 2312 imperium
765 2210 899 2281 crudele,
932 2218 1065 2272 ceterum
1085 2229 1176 2292 prope

195 2296 423 2358 luccessarium
445 2297 594 2394 cognitum
621 2297 686 2376 ipso
709 2302 814 2356 eventu
834 2302 893 2356 est:
926 2294 974 2355 cui
995 2295 1074 2355 enim
1095 2296 1175 2375 parci

223 2381 318 2460 potuit
333 2398 369 2440 ex
382 2380 433 2449 iis,
449 2381 499 2477 qui
515 2389 564 2441 aut
579 2378 684 2440 inclusi
700 2397 766 2440 oum
780 2376 954 2456 coniugibus
969 2395 1003 2439 ac
1014 2376 1113 2439 liberis
1124 2378 1172 2438 do·

216 2464 289 2522 'mos
309 2479 398 2540 super
415 2480 446 2523 se
462 2464 543 2543 ipsos
565 2469 840 2533 concremaverunt,
863 2468 913 2522 aut
938 2462 1044 2523 ιιιιιιιί
1067 2459 1168 2522 ιι11ιιιι

197 2550 292 2605 laute
308 2548 395 2604 duem
411 2562 527 2624 pugnae
542 2563 629 2644 quam
653 2547 814 2607 morientes
841 2544 993 2606 iecerunt?
1035 2543 1089 2604 XV.
1118 2542 1167 2603 Ca·

224 2632 308 2705 ptum
324 2626 463 2705 oppidum
479 2635 524 2688 est
538 2646 604 2688 oum
616 2629 729 2706 ingenti
742 2628 859 2708 praeda.
891 2644 1064 2708 quamquam
1079 2624 1166 2704 plera·

225 2725 282 2809 que
294 2707 329 2770 ab
346 2709 471 2770 dominis
486 2709 523 2787 de
535 2709 677 2789 industria
689 2719 828 2792 corrupta
842 2719 940 2782 erant,
957 2718 986 2773 et
1000 2713 1031 2771 ln
1041 2707 1166 2771 caedibus

225 2794 273 2854 rix
289 2792 381 2854 ullum
397 2780 563 2855 discrimen
571 2790 699 2856 aetatis
690 2813 734 2859 ua
749 2795 873 2868 iecerat,
890 2804 920 2858 et
934 2795 1040 2875 captivi
1055 2792 1167 2855 militum

196 2876 333 2959 apraeda
356 2878 488 2951 fuerant,
517 2886 615 2941 tamen
639 2888 669 2940 ιι
695 2897 730 2942 ιι
754 2881 850 2960 pretio
876 2897 976 2941 rerum
997 2877 1167 2938 venditarum

225 2962 404 3043 aliquantum
424 2964 567 3044 pecuniae
588 2964 740 3025 redactum
761 2980 825 3025 esse
846 2969 977 3033 constat,
1009 2968 1039 3022 ιι
1061 2959 1166 3022 multam

225 3048 385 3126 pretiosam
416 3045 631 3126 supellectilem
646 3054 814 3127 vestemque
830 3049 947 3110 missam
963 3043 1163 3121 Carthaginem

199 3135 216 3187 ιι
291 3129 399 3192 Octavo
413 3148 529 3202 mense,
546 3147 633 3209 quam
648 3138 784 3211 coeptum
800 3130 978 3210 oppugnari,
995 3133 1108 3207 captum
1121 3125 1164 3186 Sa·

228 3220 350 3291 guntum
374 3215 490 3295 quidam
519 3214 771 3293 scrlpsere31nde
796 3213 1001 3293 Cambagincm
1024 3228 1121 3272 novam
1138 3209 1165 3270 in

227 3295 352 3358 hiberna
371 3297 565 3360 hannibalem
592 3299 788 3369 concessisse3
811 3299 913 3378 qulnto
939 3292 1046 3356 deinde
1071 3310 1164 3362 mense,

229 3395 315 3458 quam
332 3379 369 3440 ab
384 3381 559 3460 Carthagine
578 3381 730 3460 protectus
748 3383 801 3452 sit,
821 3383 851 3441 in
871 3378 983 3442 ltaliam
1003 3377 1164 3455 pervenisse.

203 3470 305 3567 oquae
319 3462 366 3520 si
358 3474 397 3524 na
408 3472 489 3536 sunt,
505 3465 569 3524 fleri
585 3481 644 3524 non
660 3467 771 3545 potuit,
785 3463 864 3525 utP
874 3460 1028 3525 Cornelius
1043 3459 1085 3521 Ti.
1097 3458 1163 3520 Sem·
