2575 4067
148 253 153 266 ’
271 246 313 314 82
449 266 543 309 nmen
556 266 624 310 rur.
640 266 710 309 our.
726 253 768 307 31.
784 253 826 307 ³2.
841 243 881 328 [e.
896 268 927 309 n.
944 268 971 309 c.
986 245 1048 330 420]

243 414 403 476 initurum
419 415 524 485 iulsse;
541 416 609 495 quia
623 415 654 476 id
672 421 812 496 nequeat,
834 416 866 475 in
881 432 973 474 unum
995 415 1121 485 saevire3
1138 414 1228 477 etium

272 496 410 561 invidiam
431 506 580 580 tamquam
599 500 699 577 ignem
723 517 838 561 summa
858 505 975 579 petere;
1000 499 1032 559 in
1053 505 1141 579 caput
1156 517 1228 560 con·

271 581 343 654 silli,
362 584 394 644 ln
406 581 511 645 ducem
521 584 685 645 incurrere.
709 585 734 644 sl
746 601 779 645 se
791 580 878 643 simul
890 579 956 644 curn
969 581 1229 662 gloriareigestae
1272 643 1276 652 ,

246 681 249 686 ·
270 667 456 738 extinxisset,
478 674 548 728 tuno
563 668 720 738 rictorem,
740 665 821 729 velut
839 667 970 747 incapte
985 667 1117 727 exercitu
1132 664 1228 728 domi·

270 756 404 822 nantem‚
420 749 559 831 quidquid
570 749 687 812 licuerit
697 752 728 812 in
740 752 880 831 magistro
892 751 1031 830 equitum,
1043 751 1075 811 in
1085 749 1228 812 militibus

241 838 418 896 tausurum.
431 832 557 914 proinde
569 833 705 896 adessent
715 836 805 897 insua
815 852 902 897 causa
909 835 1040 895 omniurn
1047 832 1188 895 libertati.
1202 836 1229 895 si

270 916 1227 999 consensumexercituseundem,quiinproeliolueritintuendo

269 1003 391 1064 victoria
397 1000 502 1073 rideat,
511 1008 541 1063 et
547 1000 671 1064 salutem
678 1003 765 1064 unius
774 1000 911 1064 omnibus
918 1019 1007 1063 curae
1013 1019 1086 1073 esse,
1102 1000 1226 1063 inclina·

240 1094 368 1148 uturum
385 1084 422 1147 ad
445 1085 666 1147 clementiorem
676 1087 851 1148 sententiam
867 1086 1008 1148 animum.
1029 1092 1181 1165 postremo
1195 1103 1227 1147 se

268 1171 356 1232 vitam
376 1170 566 1250 fortunasque
580 1187 648 1231 suas
661 1167 779 1231 illorum
794 1168 863 1231 tidel
874 1170 1030 1250 virtutique
1043 1170 1225 1249 permittere.

240 1261 255 1313 1
267 1253 381 1316 xxxii
395 1252 745 1316 dammeutsoonuono
752 1260 845 1332 ortus,
858 1255 901 1315 utl
912 1252 1023 1315 bonum
1036 1251 1167 1315 animum
1174 1253 1226 1314 ba·

268 1335 1224 1415 beret:neminemillirlmadlaturumsalvislegionibusliomanis.

331 1419 416 1483 Haud
427 1420 520 1482 multo
531 1428 598 1500 post
608 1420 735 1483 dictator
747 1419 871 1491 advenit,
888 1420 1067 1500 classicoque
1078 1420 1225 1502 extemplo

240 1503 305 1569 tad
320 1505 489 1566 contionem
500 1502 659 1565 advocavit.
691 1512 753 1565 tum
769 1503 885 1565 silentio
901 1503 977 1565 lacto
992 1522 1100 1584 praeco
1116 1504 1152 1577 Q.
1169 1506 1224 1567 Fa·

268 1588 351 1649 bium
366 1588 539 1667 magistrum
560 1588 691 1667 equitum
713 1588 820 1650 citarit.
859 1589 908 1667 qui
931 1586 1019 1649 simul
1033 1605 1069 1648 ex
1083 1588 1225 1649 inferiore

240 1671 334 1733 aloco
350 1669 387 1732 ad
402 1669 532 1733 tribunal
547 1673 684 1743 accessit,
706 1679 769 1734 tum
792 1672 931 1734 dictator:
953 1718 972 1742 „
980 1689 1090 1752 quaero
1098 1680 1115 1704 ‘⁴
1133 1673 1226 1752 inquit

270 1752 334 1826 „de
350 1760 395 1826 te,
416 1754 450 1826 Ο.
475 1754 562 1827 labi,
587 1772 655 1816 cum
670 1773 819 1818 summum
838 1756 995 1836 imperium
1012 1755 1163 1817 dictatoris
1178 1758 1224 1827 sit,

231 1858 235 1866 ·
270 1845 450 1919 pareantque
470 1840 497 1900 ei
519 1837 666 1911 consules,
682 1840 763 1919 regia
778 1846 924 1920 potestas,
940 1845 1109 1920 praetores,
1131 1839 1226 1901 isdem
1282 1883 1283 1888 η

271 1923 408 2002 auspiciis
428 1922 534 2002 quibuu
556 1921 691 1985 consules
715 1925 821 1996 creati,
841 1941 968 2003 aequum
993 1940 1114 1985 censeas
1130 1940 1226 1985 necne

243 2007 443 2086 dmagistrum
465 2008 593 2088 equitum
618 2007 696 2069 dicto
719 2006 888 2069 audientem
904 2007 985 2068 essei
1004 2008 1135 2088 itemque
1153 2007 1226 2068 illud

270 2091 435 2171 interrogo,
459 2108 527 2153 curn
543 2110 590 2152 me
606 2093 728 2153 incertis
751 2092 889 2172 auspiciis
903 2090 1070 2171 profectum
1085 2090 1121 2153 ab
1138 2089 1226 2152 domo

269 2175 392 2247 scirem,
413 2182 513 2238 utrum
531 2175 603 2237 mihi
626 2175 751 2239 turbatis
771 2174 964 2255 religionibus
988 2193 1037 2237 res
1057 2173 1175 2254 publica
1194 2175 1226 2235 in

270 2258 429 2322 discrimen
443 2259 652 2321 committenda
672 2260 761 2323 luerit
777 2278 816 2321 an
835 2260 965 2341 auspicia
987 2258 1163 2340 repetenda,
1188 2276 1226 2320 ne

241 2344 338 2424 bqnld
355 2342 450 2406 dubiis
462 2344 507 2405 dis
524 2344 661 2424 agerem?
674 2343 761 2405 simul
775 2342 861 2415 illud,
879 2361 954 2424 quae
970 2343 1106 2405 dictatori
1122 2341 1226 2422 religio

269 2426 470 2506 inpedimento
492 2426 529 2488 ad
550 2445 613 2488 rem
637 2427 797 2506 gerendam
815 2427 917 2498 luerit,
942 2446 1014 2489 num
1030 2445 1064 2488 ea
1085 2428 1226 2506 magister

269 2511 400 2589 equitum
415 2510 528 2573 solutus
543 2529 578 2573 ac
594 2509 671 2571 liber
684 2512 813 2591 potuerit
827 2512 911 2573 essei
932 2510 984 2572 sed
1000 2510 1070 2591 quid
1082 2529 1137 2591 ego
1150 2511 1226 2573 baec

268 2594 439 2672 interroget
455 2612 538 2667 curn,
552 2595 578 2655 si
589 2611 644 2673 ego
658 2596 764 2657 tacitus
778 2594 918 2666 abissem,
937 2603 1037 2656 tamen
1051 2593 1105 2655 tibi
1121 2594 1159 2655 ad
1174 2613 1225 2656 vo·

268 2674 388 2737 luntatis
413 2677 686 2759 interpretationem
713 2696 796 2740 meae
822 2678 975 2759 dirigenda
1002 2687 1052 2739 tua
1079 2679 1226 2739 sententia

239 2759 366 2823 eluerit.
401 2763 472 2841 quin
500 2769 532 2823 tu
548 2760 726 2842 respondes,
748 2764 929 2824 vetuerimne
948 2770 977 2824 te
998 2763 1154 2842 quitquam
1181 2763 1225 2822 rei

268 2862 317 2906 me
334 2843 455 2907 absente
475 2863 577 2926 agere,
598 2848 785 2909 vetuerimne
807 2848 891 2927 signa
912 2864 979 2907 eum
1002 2844 1137 2908 hostibus
1153 2863 1224 2906 cou-

240 2927 366 2992 tierrei
396 2948 455 3010 quo
484 2938 517 2993 tu
533 2932 659 3011 lmperio
691 2950 757 2993 meo
778 2939 894 3011 spreto,
925 2930 1047 2991 incertis
1078 2930 1225 3010 auspiciis,

269 3012 395 3076 turbatis
416 3014 608 3095 religionibus
630 3016 770 3077 adversus
793 3033 906 3076 morem
922 3012 1079 3076 militarem
1096 3012 1226 3093 discipli·

269 3116 396 3179 namque
412 3101 555 3161 maiorum
570 3107 601 3161 et
615 3117 725 3161 numen
741 3098 864 3161 deorum
885 3117 973 3160 ausus
995 3118 1027 3160 es
1049 3116 1117 3159 cum
1138 3098 1226 3159 hoste

240 3181 438 3262 8conlligere.
468 3182 610 3255 adhaec,
635 3202 710 3264 quae
726 3184 924 3263 interrogatus
942 3202 987 3254 es,
1009 3180 1172 3262 responde,
1197 3189 1227 3243 at

239 3272 349 3329 iextra
369 3285 405 3329 ea
425 3284 494 3329 cave
516 3285 618 3329 vocem
639 3269 748 3331 mittas.
783 3267 906 3339 accede,
933 3266 1051 3327 lictor.“
1085 3264 1226 3326 adversus

270 3369 344 3430 quae
359 3349 474 3431 singula
491 3369 557 3414 cunr
573 3351 755 3433 respondere
777 3350 856 3414 baud
871 3351 957 3411 facile
973 3357 1065 3421 esset,
1093 3358 1123 3410 et
1145 3367 1226 3410 nunc

271 3442 445 3513 quereretur
450 3435 576 3497 eundem
582 3443 782 3499 accusatorem
794 3435 898 3515 capitis
909 3435 954 3497 sui
965 3452 999 3496 ac
1012 3433 1139 3495 iudicem
1149 3451 1225 3503 esse,

270 3516 359 3579 modo
370 3519 458 3580 vitam
469 3517 525 3580 sibi
540 3520 615 3600 eripi
630 3522 715 3582 citius
726 3538 813 3602 quam
826 3519 948 3599 gloriam
960 3536 1060 3580 rerum
1076 3526 1225 3598 gestarum
