2575 4067
199 227 299 271 mna
313 225 357 270 rx.
372 225 441 271 oar.
456 212 501 269 to.
512 214 557 270 41.
577 205 617 289 [a
633 208 669 271 Ο.
683 213 734 268 81⁰
749 208 918 291 (im-⁸⁰8]
987 216 1049 282 189

78 378 170 438 risum
193 376 232 436 in
250 376 300 448 iia,
322 381 356 437 ut
384 379 488 434 aurata
504 381 587 436 wnta
607 374 734 437 dominio
754 379 991 455 argentariarum
1010 376 1048 439 ad

74 461 174 522 iorum
193 457 367 521 ornandum
381 456 591 519 dividerentur.
616 457 799 521 indonatum
809 461 926 522 initium
940 461 1048 524 dicitur

72 544 129 604 iori
143 543 284 605 ornandi
299 541 336 603 ab
352 539 512 612 aediiibue,
528 559 596 603 cum
609 550 712 604 tenum
726 542 915 605 ducerentur.
947 553 977 605 at
987 546 1045 608 iio·
1057 552 1086 607 tt

72 628 154 688 mani
169 627 300 707 quidem
315 624 352 687 ad
368 625 514 686 honorem
535 626 624 688 deum
637 626 803 706 maignibua
813 629 905 690 annia
918 626 1047 690 hostium

71 713 117 772 usi
131 719 228 780 aunt;
243 710 385 791 Campani
401 707 438 771 ab
458 708 597 788 superbia
613 718 644 772 et
662 710 730 772 odio
745 710 920 774 Samnitium
938 709 1047 791 gladia·

71 803 171 866 tores,
196 794 281 874 quod
298 791 498 874 spectaculum
510 794 589 855 inter
604 793 706 874 epulan
721 803 799 866 erat,
822 814 858 857 co
874 803 982 856 ornatu
1000 813 1048 857 ar·

69 886 200 941 marunt
215 878 451 958 Samnitiumque
465 878 586 938 nomine
606 876 820 959 concederunt

135 962 261 1025 Eodem
279 978 357 1023 anno
380 978 449 1023 cum
470 959 602 1041 reliquiis
617 960 811 1025 Etruscorum
829 965 867 1026 ad
883 963 1044 1035 Perusiam.
1057 970 1090 1024 ta

69 1064 148 1125 quae
166 1055 203 1108 et
218 1047 282 1127 ipsa
294 1043 477 1107 indutiarum
492 1044 581 1106 fldem
595 1054 731 1126 ruperat,
752 1045 860 1110 Fabius
874 1047 978 1110 constal
992 1063 1048 1110 nac

71 1129 165 1191 dubia
194 1148 254 1192 nec
273 1128 384 1191 diidoili
409 1129 531 1190 victoria
556 1127 684 1192 dimicat.
724 1132 822 1211 ipsum
842 1130 983 1213 oppidum
1005 1164 1042 1177 -
1057 1138 1091 1191 it

69 1230 142 1275 nam
167 1213 213 1275 ad
232 1214 350 1275 moenia
367 1214 461 1275 victor
484 1214 609 1276 accessit
622 1216 818 1295 -cepiaeat,
842 1217 874 1277 ui
892 1214 982 1295 legati
997 1215 1047 1276 de·

70 1295 183 1358 dentes
201 1297 311 1359 urbem
326 1299 465 1359 exiamnt.
499 1296 648 1378 praeaidio
656 1297 796 1361 Perusiae
810 1300 951 1380 inposito,
966 1298 1046 1379 laga·
1057 1305 1090 1358 to

70 1380 213 1443 tionibus
228 1380 366 1443 Etruriae
381 1380 539 1444 amicitiam
553 1380 723 1462 petentibus
736 1400 809 1463 prae
824 1401 857 1445 ae
871 1384 996 1447 Romam
1011 1381 1048 1444 ad

69 1475 218 1529 senatum
236 1466 349 1536 missis,
371 1461 474 1527 consul
487 1467 702 1544 praestantiore
717 1467 806 1529 etiam
818 1486 907 1549 quam
921 1468 1046 1530 dictatu

72 1549 205 1613 victoria
222 1550 409 1629 triumphans
429 1548 535 1611 nubem
554 1556 598 1612 est
621 1551 763 1614 invectam.
796 1553 866 1633 quin
884 1554 973 1629 etiam
993 1551 1044 1614 da·
1057 1556 1087 1608 ²1

70 1634 228 1697 dotorum
243 1632 421 1696 Samnitium
438 1631 528 1696 decus
548 1650 657 1713 magna
671 1653 708 1699 ex
726 1641 811 1717 perte
831 1636 868 1698 ad
887 1635 1000 1716 lagatoa
1013 1634 1046 1696 P.

72 1714 205 1782 boeium
227 1725 257 1780 ct
270 1717 309 1781 ll.
323 1717 476 1779 Valerium
491 1725 536 1780 est
549 1734 682 1793 veroum,
707 1736 781 1800 quoa
800 1719 928 1801 populus
947 1720 1046 1801 proxi·

72 1801 132 1861 mis
149 1803 282 1865 comitiis
295 1802 411 1880 ingenti
425 1819 572 1865 consentu
587 1804 740 1867 consulem
759 1802 904 1873 alterum.
920 1802 1046 1866 alterum

75 1897 254 1963 praetorem
269 1885 436 1948 declaravit.

137 1970 216 2033 XLI.
251 1970 344 2033 Fabio
370 1969 408 2031 ob
437 1972 556 2050 egregie
584 1971 781 2050 perdomitam
801 1969 950 2031 Etruriam
974 1973 1072 2031 con-1

75 2054 214 2117 tinuatur
230 2053 417 2125 consulatus,
439 2055 529 2118 becio
550 2052 664 2134 collega
685 2053 780 2116 datur.
808 2052 942 2116 Valerius
960 2070 1046 2131 prae·

76 2145 125 2199 tor
141 2148 283 2220 quartum
299 2145 426 2200 oreatus.
458 2133 594 2199 consedes
608 2138 710 2218 partiti
724 2136 907 2215 provincias:
928 2134 1074 2196 acutat

77 2221 182 2294 necto,
195 2224 349 2285 Samnium
360 2221 452 2285 Fabio
462 2222 568 2284 evenit.
594 2219 781 2301 irproieotua
791 2215 1076 2281 adducerentur

77 2305 245 2379 internam,
261 2317 324 2369 tum
337 2324 442 2386 pacem
456 2306 597 2387 petentis,
614 2305 695 2386 quod
708 2304 753 2365 uti
768 2320 817 2372 ea,
837 2319 905 2362 oum
917 2301 1046 2369 daretur,

80 2392 262 2463 noluissent,
272 2400 446 2472 aspernatus
457 2398 517 2460 est;
526 2388 725 2471 oppugnando
735 2388 772 2449 ad
783 2384 963 2449 deditionem
977 2383 1045 2446 aub-

79 2479 153 2555 egit.
185 2495 253 2538 oum
271 2476 452 2538 Samnitibus
473 2475 536 2537 acie
554 2475 742 2545 dimicatum
763 2470 843 2536 haud
857 2489 965 2552 magno
980 2474 1074 2531 oar-t

80 2562 194 2621 tamine
217 2561 317 2623 hostes
341 2560 427 2639 riotig
450 2576 547 2641 neque
565 2561 628 2623 eius
648 2577 765 2642 pugnae
780 2559 923 2620 memoria
940 2554 1046 2620 tradita

79 2641 177 2716 iuret,
190 2647 222 2706 ni
231 2643 322 2707 Marsi
333 2663 368 2706 ao
379 2646 509 2725 primum
520 2645 634 2724 proelio
645 2663 714 2708 curn
724 2643 866 2707 nomano
876 2642 1045 2706 bellasaent.

81 2732 179 2791 secuti
197 2729 364 2791 llarsorum
383 2727 579 2792 deiectionem
593 2729 727 2810 Paeligni
749 2727 873 2792 eandem
897 2727 1046 2790 fortunam

81 2811 261 2876 habuerunt.
301 2811 393 2875 liecio
413 2829 546 2892 quoqne,
570 2814 656 2875 alteri
677 2813 806 2882 consuli.
829 2812 959 2875 secunda
979 2806 1075 2869 belno

81 2896 203 2960 iortuna
217 2905 290 2960 erat.
315 2899 562 2979 Tarquiniensem
581 2904 664 2960 metu
683 2896 841 2975 subegerat
864 2896 1046 2955 frumentum

83 2984 229 3044 exercitui
252 2981 398 3064 praebere
422 2991 509 3062 atque
534 2983 663 3045 indutias
683 2980 716 3041 in
740 2978 934 3059 quadraginta
953 2988 1047 3036 annos

85 3074 199 3144 petere.
227 3065 457 3129 Vulsiniensium
477 3067 596 3129 castella
613 3065 724 3146 aliquot
744 3064 773 3124 ri
788 3063 881 3142 cepit;
904 3055 1074 3139 quaedamd

84 3169 121 3212 ex
134 3152 181 3213 bis
192 3152 297 3224 duait,
313 3170 351 3214 ne
363 3152 550 3232 receptaculo
560 3150 695 3212 hostibus
707 3153 820 3215 esseni:
837 3141 1047 3206 circumieran-

86 3236 183 3317 doque
196 3239 308 3316 passim
322 3235 402 3299 bello
422 3242 535 3298 tantum
554 3243 701 3296 terrorem
716 3233 763 3294 sui
785 3230 869 3301 iecit,
890 3234 924 3289 ut
939 3240 1048 3286 nomen

84 3339 173 3382 omne
193 3321 351 3384 Etruscum
376 3318 481 3382 foedus
506 3317 543 3380 ab
573 3315 693 3378 conside
716 3321 841 3396 peteret
885 3327 921 3372 ac
947 3307 984 3368 de
1011 3313 1073 3369 eoi

85 3404 203 3485 quidem
230 3406 306 3468 nibil
332 3408 538 3487 impetratum
564 3398 697 3462 indutiae
720 3414 834 3461 annuae
857 3394 951 3457 datae.
996 3392 1048 3454 ati·

86 3489 225 3569 pendium
237 3492 369 3552 exercitu
380 3489 513 3551 Romano
525 3486 561 3548 ab
576 3485 663 3546 hoste
676 3486 709 3546 iu
720 3500 788 3545 eum
799 3495 909 3542 mnam
923 3494 1048 3559 pensum
