<?xml version="1.0" encoding="UTF-8"?>
<!DOCTYPE html PUBLIC "-//W3C//DTD XHTML 1.0 Transitional//EN"
    "http://www.w3.org/TR/xhtml1/DTD/xhtml1-transitional.dtd">
<html xmlns="http://www.w3.org/1999/xhtml" xml:lang="en" lang="en">
 <head>
  <title>
</title>
<meta http-equiv="Content-Type" content="text/html;charset=utf-8" />
  <meta name='ocr-system' content='tesseract 3.04.00' />
  <meta name='ocr-capabilities' content='ocr_page ocr_carea ocr_par ocr_line ocrx_word'/>
</head>
<body>
  <div class='ocr_page' id='page_1' title='image "./aburbeconditali12livygoog_0172.png"; bbox 0 0 2575 4067; ppageno 0'>
   <div class='ocr_carea' id='block_1_1' title="bbox 247 208 999 297">
    <p class='ocr_par' dir='ltr' id='par_1_1' title="bbox 247 115 1280 297">
     <span class='ocr_line' id='line_1_1' title="bbox 247 208 999 297; baseline -0.023 -12"><span class='ocrx_word' id='word_1_1' title='bbox 247 218 310 285; x_wconf 81' lang='lat' dir='ltr'>loo</span> <span class='ocrx_word' id='word_1_2' title='bbox 444 234 581 280; x_wconf 70' lang='lat' dir='ltr'>cmm</span> <span class='ocrx_word' id='word_1_3' title='bbox 598 208 999 297; x_wconf 72' lang='lat' dir='ltr'>oar.lt.19.{s.u.o.ooe]</span> 
     </span>
    </p>
   </div>
   <div class='ocr_carea' id='block_1_2' title="bbox 212 378 1286 3561">
    <p class='ocr_par' dir='ltr' id='par_1_2' title="bbox 221 378 1286 1802">
     <span class='ocr_line' id='line_1_2' title="bbox 247 378 1281 462; baseline 0.005 -19"><span class='ocrx_word' id='word_1_4' title='bbox 247 388 281 444; x_wconf 92' lang='lat' dir='ltr'>ut</span> <span class='ocrx_word' id='word_1_5' title='bbox 292 381 434 462; x_wconf 81' lang='lat' dir='ltr'>quosdam</span> <span class='ocrx_word' id='word_1_6' title='bbox 453 389 619 461; x_wconf 69' lang='lat' dir='ltr'>spectantes</span> <span class='ocrx_word' id='word_1_7' title='bbox 634 382 694 442; x_wconf 88' lang='lat' dir='ltr'>iam</span> <span class='ocrx_word' id='word_1_8' title='bbox 708 399 790 443; x_wconf 87' lang='lat' dir='ltr'>arma</span> <span class='ocrx_word' id='word_1_9' title='bbox 803 380 939 444; x_wconf 75' lang='lat' dir='ltr'>Eumne</span> <span class='ocrx_word' id='word_1_10' title='bbox 958 378 1084 461; x_wconf 91' lang='lat' dir='ltr'>populos</span> <span class='ocrx_word' id='word_1_11' title='bbox 1104 389 1209 443; x_wconf 84' lang='lat' dir='ltr'>metus</span> <span class='ocrx_word' id='word_1_12' title='bbox 1280 387 1281 448; x_wconf 83' lang='lat' dir='ltr'>l</span> 
     </span>
     <span class='ocr_line' id='line_1_3' title="bbox 246 463 1208 545; baseline 0 -17"><span class='ocrx_word' id='word_1_13' title='bbox 246 465 372 528; x_wconf 77' lang='lat' dir='ltr'>Romani</span> <span class='ocrx_word' id='word_1_14' title='bbox 385 465 513 528; x_wconf 88' lang='lat' dir='ltr'>nominis</span> <span class='ocrx_word' id='word_1_15' title='bbox 527 465 741 544; x_wconf 67' lang='lat' dir='ltr'>conprimeret,</span> <span class='ocrx_word' id='word_1_16' title='bbox 766 483 854 544; x_wconf 78' lang='lat' dir='ltr'>quam</span> <span class='ocrx_word' id='word_1_17' title='bbox 871 463 950 545; x_wconf 81' lang='lat' dir='ltr'>quod</span> <span class='ocrx_word' id='word_1_18' title='bbox 968 464 1059 526; x_wconf 87' lang='lat' dir='ltr'>ductu</span> <span class='ocrx_word' id='word_1_19' title='bbox 1073 463 1208 528; x_wconf 74' lang='lat' dir='ltr'>consilis</span> 
     </span>
     <span class='ocr_line' id='line_1_4' title="bbox 221 547 1208 630; baseline 0.001 -21"><span class='ocrx_word' id='word_1_20' title='bbox 221 551 406 630; x_wconf 76' lang='lat' dir='ltr'>cqrrlcquam</span> <span class='ocrx_word' id='word_1_21' title='bbox 426 547 469 609; x_wconf 86' lang='lat' dir='ltr'>ibi</span> <span class='ocrx_word' id='word_1_22' title='bbox 489 548 559 611; x_wconf 87' lang='lat' dir='ltr'>satis</span> <span class='ocrx_word' id='word_1_23' title='bbox 578 549 717 611; x_wconf 74' lang='lat' dir='ltr'>scoaot</span> <span class='ocrx_word' id='word_1_24' title='bbox 734 547 882 612; x_wconf 82' lang='lat' dir='ltr'>lortunate</span> <span class='ocrx_word' id='word_1_25' title='bbox 901 555 1015 627; x_wconf 69' lang='lat' dir='ltr'>gastim</span> <span class='ocrx_word' id='word_1_26' title='bbox 1031 549 1079 612; x_wconf 84' lang='lat' dir='ltr'>sit</span> <span class='ocrx_word' id='word_1_27' title='bbox 1110 548 1208 611; x_wconf 89' lang='lat' dir='ltr'>multa</span> 
     </span>
     <span class='ocr_line' id='line_1_5' title="bbox 248 631 1207 714; baseline -0.002 -19"><span class='ocrx_word' id='word_1_28' title='bbox 248 631 957 714; x_wconf 76' lang='lat' dir='ltr'>proomlocisettemporibmutqmcommnsa,</span> <span class='ocrx_word' id='word_1_29' title='bbox 967 631 1207 712; x_wconf 80' lang='lat' dir='ltr'>spesqucindies</span> 
     </span>
     <span class='ocr_line' id='line_1_6' title="bbox 248 715 1208 797; baseline 0 -20"><span class='ocrx_word' id='word_1_30' title='bbox 248 717 413 797; x_wconf 70' lang='lat' dir='ltr'>puriorem</span> <span class='ocrx_word' id='word_1_31' title='bbox 423 715 539 779; x_wconf 85' lang='lat' dir='ltr'>hostem</span> <span class='ocrx_word' id='word_1_32' title='bbox 552 715 690 787; x_wconf 76' lang='lat' dir='ltr'><strong>faciebat,</strong></span> <span class='ocrx_word' id='word_1_33' title='bbox 706 724 736 777; x_wconf 88' lang='lat' dir='ltr'>et</span> <span class='ocrx_word' id='word_1_34' title='bbox 745 718 805 780; x_wconf 85' lang='lat' dir='ltr'>iam</span> <span class='ocrx_word' id='word_1_35' title='bbox 818 734 912 797; x_wconf 92' lang='lat' dir='ltr'>prope</span> <span class='ocrx_word' id='word_1_36' title='bbox 926 723 1004 787; x_wconf 87' lang='lat' dir='ltr'>erat,</span> <span class='ocrx_word' id='word_1_37' title='bbox 1020 725 1054 778; x_wconf 89' lang='lat' dir='ltr'>ut</span> <span class='ocrx_word' id='word_1_38' title='bbox 1068 733 1125 778; x_wconf 89' lang='lat' dir='ltr'>nec</span> <span class='ocrx_word' id='word_1_39' title='bbox 1134 715 1208 777; x_wconf 81' lang='lat' dir='ltr'>duci</span> 
     </span>
     <span class='ocr_line' id='line_1_7' title="bbox 222 797 1208 878; baseline -0.002 -16"><span class='ocrx_word' id='word_1_40' title='bbox 222 799 356 863; x_wconf 77' lang='lat' dir='ltr'>imilites</span> <span class='ocrx_word' id='word_1_41' title='bbox 369 817 425 863; x_wconf 84' lang='lat' dir='ltr'>nec</span> <span class='ocrx_word' id='word_1_42' title='bbox 438 798 578 862; x_wconf 83' lang='lat' dir='ltr'>militibus</span> <span class='ocrx_word' id='word_1_43' title='bbox 592 799 651 862; x_wconf 86' lang='lat' dir='ltr'>dux</span> <span class='ocrx_word' id='word_1_44' title='bbox 665 800 735 862; x_wconf 89' lang='lat' dir='ltr'>satis</span> <span class='ocrx_word' id='word_1_45' title='bbox 747 798 860 863; x_wconf 76' lang='lat' dir='ltr'>tldmet</span> <span class='ocrx_word' id='word_1_46' title='bbox 887 798 1000 862; x_wconf 74' lang='lat' dir='ltr'>liceras</span> <span class='ocrx_word' id='word_1_47' title='bbox 1010 799 1049 861; x_wconf 87' lang='lat' dir='ltr'>ad</span> <span class='ocrx_word' id='word_1_48' title='bbox 1059 797 1208 878; x_wconf 73' lang='lat' dir='ltr'><strong>collegam</strong></span> 
     </span>
     <span class='ocr_line' id='line_1_8' title="bbox 249 882 1262 947; baseline -0.003 0"><span class='ocrx_word' id='word_1_49' title='bbox 249 883 459 947; x_wconf 84' lang='lat' dir='ltr'>accersendum</span> <span class='ocrx_word' id='word_1_50' title='bbox 474 901 511 944; x_wconf 88' lang='lat' dir='ltr'>ex</span> <span class='ocrx_word' id='word_1_51' title='bbox 520 883 639 946; x_wconf 88' lang='lat' dir='ltr'>Samnio</span> <span class='ocrx_word' id='word_1_52' title='bbox 648 884 752 947; x_wconf 77' lang='lat' dir='ltr'>missas</span> <span class='ocrx_word' id='word_1_53' title='bbox 764 884 797 945; x_wconf 91' lang='lat' dir='ltr'>in</span> <span class='ocrx_word' id='word_1_54' title='bbox 806 885 892 946; x_wconf 84' lang='lat' dir='ltr'>trinis</span> <span class='ocrx_word' id='word_1_55' title='bbox 902 882 1056 946; x_wconf 74' lang='lat' dir='ltr'>annalibus</span> <span class='ocrx_word' id='word_1_56' title='bbox 1069 884 1205 946; x_wconf 81' lang='lat' dir='ltr'>invenio.</span> <span class='ocrx_word' id='word_1_57' title='bbox 1257 891 1262 902; x_wconf 93' lang='grc'><strong><em>·</em></strong></span> 
     </span>
     <span class='ocr_line' id='line_1_9' title="bbox 248 965 1207 1049; baseline -0.003 -19"><span class='ocrx_word' id='word_1_58' title='bbox 248 968 330 1049; x_wconf 72' lang='lat' dir='ltr'>pipat</span> <span class='ocrx_word' id='word_1_59' title='bbox 342 976 441 1030; x_wconf 82' lang='lat' dir='ltr'>tamen</span> <span class='ocrx_word' id='word_1_60' title='bbox 454 966 486 1028; x_wconf 94' lang='lat' dir='ltr'>ld</span> <span class='ocrx_word' id='word_1_61' title='bbox 495 975 609 1032; x_wconf 86' lang='lat' dir='ltr'>certum</span> <span class='ocrx_word' id='word_1_62' title='bbox 625 984 751 1047; x_wconf 87' lang='lat' dir='ltr'>ponere,</span> <span class='ocrx_word' id='word_1_63' title='bbox 765 985 834 1030; x_wconf 91' lang='lat' dir='ltr'>cum</span> <span class='ocrx_word' id='word_1_64' title='bbox 843 985 879 1029; x_wconf 84' lang='lat' dir='ltr'>ea</span> <span class='ocrx_word' id='word_1_65' title='bbox 894 968 959 1048; x_wconf 89' lang='lat' dir='ltr'>ipsa</span> <span class='ocrx_word' id='word_1_66' title='bbox 974 969 1053 1030; x_wconf 86' lang='lat' dir='ltr'>inter</span> <span class='ocrx_word' id='word_1_67' title='bbox 1067 965 1207 1029; x_wconf 76' lang='lat' dir='ltr'>commeo</span> 
     </span>
     <span class='ocr_line' id='line_1_10' title="bbox 248 1050 1206 1133; baseline -0.003 -19"><span class='ocrx_word' id='word_1_68' title='bbox 248 1051 352 1133; x_wconf 87' lang='lat' dir='ltr'>populi</span> <span class='ocrx_word' id='word_1_69' title='bbox 364 1051 508 1123; x_wconf 84' lang='lat' dir='ltr'>Romani,&#39;</span> <span class='ocrx_word' id='word_1_70' title='bbox 521 1051 581 1114; x_wconf 90' lang='lat' dir='ltr'>iam</span> <span class='ocrx_word' id='word_1_71' title='bbox 595 1052 703 1113; x_wconf 88' lang='lat' dir='ltr'>lterum</span> <span class='ocrx_word' id='word_1_72' title='bbox 717 1050 822 1115; x_wconf 86' lang='lat' dir='ltr'>eodem</span> <span class='ocrx_word' id='word_1_73' title='bbox 836 1050 950 1113; x_wconf 87' lang='lat' dir='ltr'>honore</span> <span class='ocrx_word' id='word_1_74' title='bbox 963 1050 1127 1130; x_wconf 69' lang='lat' dir='ltr'>fungentis,</span> <span class='ocrx_word' id='word_1_75' title='bbox 1144 1050 1206 1111; x_wconf 85' lang='lat' dir='ltr'>dis·</span> 
     </span>
     <span class='ocr_line' id='line_1_11' title="bbox 250 1132 1206 1216; baseline -0.002 -19"><span class='ocrx_word' id='word_1_76' title='bbox 250 1138 377 1216; x_wconf 83' lang='lat' dir='ltr'>ceptatio</span> <span class='ocrx_word' id='word_1_77' title='bbox 397 1134 501 1207; x_wconf 85' lang='lat' dir='ltr'>luerit,</span> <span class='ocrx_word' id='word_1_78' title='bbox 522 1134 616 1215; x_wconf 80' lang='lat' dir='ltr'>lpplo</span> <span class='ocrx_word' id='word_1_79' title='bbox 635 1134 784 1200; x_wconf 81' lang='lat' dir='ltr'>abnuente</span> <span class='ocrx_word' id='word_1_80' title='bbox 803 1136 920 1207; x_wconf 66' lang='lat' dir='ltr'>mosas,</span> <span class='ocrx_word' id='word_1_81' title='bbox 940 1133 1095 1197; x_wconf 87' lang='lat' dir='ltr'>volumnio</span> <span class='ocrx_word' id='word_1_82' title='bbox 1115 1132 1206 1196; x_wconf 86' lang='lat' dir='ltr'>adfir-</span> 
     </span>
     <span class='ocr_line' id='line_1_12' title="bbox 223 1217 1284 1299; baseline -0.005 -16"><span class='ocrx_word' id='word_1_83' title='bbox 223 1228 349 1284; x_wconf 74' lang='lat' dir='ltr'>smmis</span> <span class='ocrx_word' id='word_1_84' title='bbox 363 1220 439 1299; x_wconf 76' lang='lat' dir='ltr'>Appi</span> <span class='ocrx_word' id='word_1_85' title='bbox 458 1236 491 1284; x_wconf 86' lang='lat' dir='ltr'>se</span> <span class='ocrx_word' id='word_1_86' title='bbox 508 1217 613 1282; x_wconf 87' lang='lat' dir='ltr'>litteris</span> <span class='ocrx_word' id='word_1_87' title='bbox 630 1220 764 1282; x_wconf 89' lang='lat' dir='ltr'>accitum.</span> <span class='ocrx_word' id='word_1_88' title='bbox 791 1218 849 1282; x_wconf 84' lang='lat' dir='ltr'>iam</span> <span class='ocrx_word' id='word_1_89' title='bbox 858 1218 1030 1281; x_wconf 85' lang='lat' dir='ltr'>Volumnius</span> <span class='ocrx_word' id='word_1_90' title='bbox 1040 1219 1074 1280; x_wconf 92' lang='lat' dir='ltr'>in</span> <span class='ocrx_word' id='word_1_91' title='bbox 1084 1217 1206 1282; x_wconf 80' lang='lat' dir='ltr'>Samnio</span> <span class='ocrx_word' id='word_1_92' title='bbox 1283 1225 1284 1234; x_wconf 77' lang='grc'>’</span> 
     </span>
     <span class='ocr_line' id='line_1_13' title="bbox 250 1301 1207 1384; baseline -0.003 -19"><span class='ocrx_word' id='word_1_93' title='bbox 250 1301 439 1366; x_wconf 71' lang='lat' dir='ltr'>triacastella</span> <span class='ocrx_word' id='word_1_94' title='bbox 454 1301 1207 1384; x_wconf 79' lang='lat' dir='ltr'>ceperat‚inquilsusadtriamillrlrostiumcacsa</span> 
     </span>
     <span class='ocr_line' id='line_1_14' title="bbox 251 1384 1206 1467; baseline -0.004 -18"><span class='ocrx_word' id='word_1_95' title='bbox 251 1385 354 1458; x_wconf 83' lang='lat' dir='ltr'>erant‚&#39;</span> <span class='ocrx_word' id='word_1_96' title='bbox 362 1386 514 1450; x_wconf 88' lang='lat' dir='ltr'>dimidium</span> <span class='ocrx_word' id='word_1_97' title='bbox 524 1386 587 1449; x_wconf 89' lang='lat' dir='ltr'>lere</span> <span class='ocrx_word' id='word_1_98' title='bbox 598 1387 661 1450; x_wconf 80' lang='lat' dir='ltr'>eius</span> <span class='ocrx_word' id='word_1_99' title='bbox 669 1395 800 1467; x_wconf 77' lang='lat' dir='ltr'>capuam,</span> <span class='ocrx_word' id='word_1_100' title='bbox 813 1386 1034 1450; x_wconf 84' lang='lat' dir='ltr'>etLucmorum</span> <span class='ocrx_word' id='word_1_101' title='bbox 1043 1384 1206 1448; x_wconf 75' lang='lat' dir='ltr'><strong>seditiones</strong></span> 
     </span>
     <span class='ocr_line' id='line_1_15' title="bbox 250 1468 1207 1633; baseline -0.004 -99"><span class='ocrx_word' id='word_1_102' title='bbox 250 1490 267 1534; x_wconf 77' lang='lat' dir='ltr'><strong>a</strong></span> <span class='ocrx_word' id='word_1_103' title='bbox 287 1469 401 1617; x_wconf 45' lang='lat' dir='ltr'>fleltzetig</span> <span class='ocrx_word' id='word_1_104' title='bbox 409 1469 623 1633; x_wconf 56' lang='lat' dir='ltr'>pftrdgfflus</span> <span class='ocrx_word' id='word_1_105' title='bbox 644 1470 997 1617; x_wconf 48' lang='lat' dir='ltr'>duclhuzsossrtasffla</span> <span class='ocrx_word' id='word_1_106' title='bbox 1011 1468 1207 1615; x_wconf 48' lang='lat' dir='ltr'>optumam</span> 
     </span>
     <span class='ocr_line' id='line_1_16' title="bbox 250 1570 1124 1626; baseline -0.003 -10"><span class='ocrx_word' id='word_1_107' title='bbox 250 1572 340 1617; x_wconf 84' lang='lat' dir='ltr'>roun</span> <span class='ocrx_word' id='word_1_108' title='bbox 430 1571 504 1614; x_wconf 83' lang='lat' dir='ltr'>c.</span> <span class='ocrx_word' id='word_1_109' title='bbox 584 1573 643 1626; x_wconf 92' lang='lat' dir='ltr'>um,</span> <span class='ocrx_word' id='word_1_110' title='bbox 673 1572 756 1617; x_wconf 90' lang='lat' dir='ltr'>roco</span> <span class='ocrx_word' id='word_1_111' title='bbox 824 1572 841 1616; x_wconf 89' lang='lat' dir='ltr'>o</span> <span class='ocrx_word' id='word_1_112' title='bbox 981 1570 1124 1615; x_wconf 86' lang='lat' dir='ltr'>eocumv</span> 
     </span>
     <span class='ocr_line' id='line_1_17' title="bbox 224 1574 1206 1719; baseline -0.001 -20"><span class='ocrx_word' id='word_1_113' title='bbox 224 1639 401 1713; x_wconf 68' lang='lat' dir='ltr'>eucrotia,</span> <span class='ocrx_word' id='word_1_114' title='bbox 422 1646 636 1717; x_wconf 78' lang='lat' dir='ltr'>conpresserat.</span> <span class='ocrx_word' id='word_1_115' title='bbox 654 1574 757 1701; x_wconf 80' lang='lat' dir='ltr'>pliccio</span> <span class='ocrx_word' id='word_1_116' title='bbox 771 1636 953 1719; x_wconf 86' lang='lat' dir='ltr'>populandos</span> <span class='ocrx_word' id='word_1_117' title='bbox 969 1637 1098 1700; x_wconf 84' lang='lat' dir='ltr'>bostium</span> <span class='ocrx_word' id='word_1_118' title='bbox 1118 1653 1206 1715; x_wconf 73' lang='lat' dir='ltr'>egros</span> 
     </span>
     <span class='ocr_line' id='line_1_18' title="bbox 251 1718 1286 1802; baseline 0.005 -20"><span class='ocrx_word' id='word_1_119' title='bbox 251 1719 404 1799; x_wconf 86' lang='lat' dir='ltr'>relinqult,</span> <span class='ocrx_word' id='word_1_120' title='bbox 424 1721 488 1801; x_wconf 86' lang='lat' dir='ltr'>lpse</span> <span class='ocrx_word' id='word_1_121' title='bbox 508 1738 576 1782; x_wconf 77' lang='lat' dir='ltr'>orm</span> <span class='ocrx_word' id='word_1_122' title='bbox 594 1722 655 1782; x_wconf 89' lang='lat' dir='ltr'>suis</span> <span class='ocrx_word' id='word_1_123' title='bbox 674 1723 765 1802; x_wconf 88' lang='lat' dir='ltr'>copiis</span> <span class='ocrx_word' id='word_1_124' title='bbox 788 1724 820 1784; x_wconf 88' lang='lat' dir='ltr'>in</span> <span class='ocrx_word' id='word_1_125' title='bbox 837 1721 985 1784; x_wconf 77' lang='lat' dir='ltr'>Etruriam</span> <span class='ocrx_word' id='word_1_126' title='bbox 1005 1721 1042 1783; x_wconf 79' lang='lat' dir='ltr'>ad</span> <span class='ocrx_word' id='word_1_127' title='bbox 1062 1718 1203 1798; x_wconf 73' lang='lat' dir='ltr'>collegam</span> <span class='ocrx_word' id='word_1_128' title='bbox 1285 1757 1286 1760; x_wconf 34' lang='lat'>¹</span> 
     </span>
    </p>

    <p class='ocr_par' dir='ltr' id='par_1_3' title="bbox 212 1802 1286 2055">
     <span class='ocr_line' id='line_1_19' title="bbox 212 1802 1286 1884; baseline 0.002 -20"><span class='ocrx_word' id='word_1_129' title='bbox 212 1804 365 1883; x_wconf 75' lang='lat' dir='ltr'>topergtt;</span> <span class='ocrx_word' id='word_1_130' title='bbox 390 1821 479 1884; x_wconf 87' lang='lat' dir='ltr'>quem</span> <span class='ocrx_word' id='word_1_131' title='bbox 499 1802 702 1868; x_wconf 79' lang='lat' dir='ltr'>advenientem</span> <span class='ocrx_word' id='word_1_132' title='bbox 721 1804 790 1870; x_wconf 90' lang='lat' dir='ltr'>laeti</span> <span class='ocrx_word' id='word_1_133' title='bbox 806 1823 908 1868; x_wconf 89' lang='lat' dir='ltr'>omnes</span> <span class='ocrx_word' id='word_1_134' title='bbox 928 1811 1114 1884; x_wconf 81' lang='lat' dir='ltr'>aeceperunt</span> <span class='ocrx_word' id='word_1_135' title='bbox 1147 1804 1205 1883; x_wconf 73' lang='lat' dir='ltr'>lp·</span> <span class='ocrx_word' id='word_1_136' title='bbox 1285 1859 1286 1884; x_wconf 18' lang='lat' dir='ltr'>p</span> 
     </span>
     <span class='ocr_line' id='line_1_20' title="bbox 252 1886 1286 1969; baseline -0.001 -20"><span class='ocrx_word' id='word_1_137' title='bbox 252 1888 334 1969; x_wconf 90' lang='lat' dir='ltr'>pium</span> <span class='ocrx_word' id='word_1_138' title='bbox 351 1905 388 1950; x_wconf 85' lang='lat' dir='ltr'>ox</span> <span class='ocrx_word' id='word_1_139' title='bbox 408 1889 586 1951; x_wconf 82' lang='lat' dir='ltr'>conscientia</span> <span class='ocrx_word' id='word_1_140' title='bbox 612 1907 666 1950; x_wconf 85' lang='lat' dir='ltr'>sua</span> <span class='ocrx_word' id='word_1_141' title='bbox 685 1890 775 1951; x_wconf 88' lang='lat' dir='ltr'>credo</span> <span class='ocrx_word' id='word_1_142' title='bbox 796 1890 926 1951; x_wconf 87' lang='lat' dir='ltr'>animum</span> <span class='ocrx_word' id='word_1_143' title='bbox 950 1887 1102 1958; x_wconf 85' lang='lat' dir='ltr'>habuisse,</span> <span class='ocrx_word' id='word_1_144' title='bbox 1128 1886 1206 1948; x_wconf 80' lang='lat' dir='ltr'>haud</span> <span class='ocrx_word' id='word_1_145' title='bbox 1285 1903 1286 1968; x_wconf 45' lang='grc' dir='ltr'>ᾗ</span> 
     </span>
     <span class='ocr_line' id='line_1_21' title="bbox 253 1970 1207 2055; baseline -0.003 -21"><span class='ocrx_word' id='word_1_146' title='bbox 253 1972 390 2034; x_wconf 76' lang='lat' dir='ltr'>inmerito</span> <span class='ocrx_word' id='word_1_147' title='bbox 406 1972 529 2044; x_wconf 73' lang='lat' dir='ltr'>matum,</span> <span class='ocrx_word' id='word_1_148' title='bbox 549 1974 574 2034; x_wconf 90' lang='lat' dir='ltr'>sl</span> <span class='ocrx_word' id='word_1_149' title='bbox 592 1971 666 2034; x_wconf 88' lang='lat' dir='ltr'>nihil</span> <span class='ocrx_word' id='word_1_150' title='bbox 686 1974 859 2055; x_wconf 82' lang='lat' dir='ltr'>scripserat,</span> <span class='ocrx_word' id='word_1_151' title='bbox 876 1970 1073 2036; x_wconf 82' lang='lat' dir='ltr'>inliberali&#39;ct</span> <span class='ocrx_word' id='word_1_152' title='bbox 1090 1971 1207 2050; x_wconf 74' lang='lat' dir='ltr'>ingrato</span> 
     </span>
    </p>

    <p class='ocr_par' dir='ltr' id='par_1_4' title="bbox 212 2053 1207 2306">
     <span class='ocr_line' id='line_1_22' title="bbox 212 2053 1207 2137; baseline 0 -22"><span class='ocrx_word' id='word_1_153' title='bbox 212 2062 242 2116; x_wconf 86' lang='lat'>11</span> <span class='ocrx_word' id='word_1_154' title='bbox 255 2056 366 2124; x_wconf 87' lang='lat' dir='ltr'>auimo.</span> <span class='ocrx_word' id='word_1_155' title='bbox 386 2057 412 2118; x_wconf 92' lang='lat' dir='ltr'>si</span> <span class='ocrx_word' id='word_1_156' title='bbox 431 2064 553 2136; x_wconf 75' lang='lat' dir='ltr'>eguerat</span> <span class='ocrx_word' id='word_1_157' title='bbox 574 2075 644 2137; x_wconf 88' lang='lat' dir='ltr'>cpe,</span> <span class='ocrx_word' id='word_1_158' title='bbox 664 2056 904 2120; x_wconf 84' lang='lat' dir='ltr'>dissimulantem.</span> <span class='ocrx_word' id='word_1_159' title='bbox 946 2057 995 2118; x_wconf 84' lang='lat' dir='ltr'>vix</span> <span class='ocrx_word' id='word_1_160' title='bbox 1014 2056 1094 2116; x_wconf 89' lang='lat' dir='ltr'>enlm</span> <span class='ocrx_word' id='word_1_161' title='bbox 1114 2053 1207 2118; x_wconf 89' lang='lat' dir='ltr'>salute</span> 
     </span>
     <span class='ocr_line' id='line_1_23' title="bbox 253 2136 1205 2220; baseline -0.006 -16"><span class='ocrx_word' id='word_1_162' title='bbox 253 2146 354 2204; x_wconf 72' lang='lat' dir='ltr'>munia</span> <span class='ocrx_word' id='word_1_163' title='bbox 373 2139 487 2204; x_wconf 83' lang='lat' dir='ltr'>reddita</span> <span class='ocrx_word' id='word_1_164' title='bbox 502 2159 569 2204; x_wconf 94' lang='lat' dir='ltr'>cum</span> <span class='ocrx_word' id='word_1_165' title='bbox 582 2140 697 2206; x_wconf 86' lang='lat' dir='ltr'>chriam</span> <span class='ocrx_word' id='word_1_166' title='bbox 713 2158 848 2220; x_wconf 74' lang='lat' dir='ltr'>egressus</span> <span class='ocrx_word' id='word_1_167' title='bbox 867 2147 958 2202; x_wconf 87' lang='lat' dir='ltr'>esset:</span> <span class='ocrx_word' id='word_1_168' title='bbox 980 2139 1082 2210; x_wconf 77' lang='lat' dir='ltr'>„sadn</span> <span class='ocrx_word' id='word_1_169' title='bbox 1102 2136 1205 2199; x_wconf 71' lang='lat' dir='ltr'>soire‘⁴</span> 
     </span>
     <span class='ocr_line' id='line_1_24' title="bbox 253 2221 1205 2306; baseline -0.002 -21"><span class='ocrx_word' id='word_1_170' title='bbox 253 2226 361 2306; x_wconf 78' lang='lat' dir='ltr'>inquit,</span> <span class='ocrx_word' id='word_1_171' title='bbox 376 2273 394 2298; x_wconf 84' lang='lat'>,‚</span> <span class='ocrx_word' id='word_1_172' title='bbox 401 2225 435 2288; x_wconf 85' lang='lat' dir='ltr'>L.</span> <span class='ocrx_word' id='word_1_173' title='bbox 450 2223 603 2288; x_wconf 70' lang='lat' dir='ltr'>Volumni?</span> <span class='ocrx_word' id='word_1_174' title='bbox 617 2233 651 2286; x_wconf 92' lang='lat' dir='ltr'>ut</span> <span class='ocrx_word' id='word_1_175' title='bbox 665 2242 729 2287; x_wconf 87' lang='lat' dir='ltr'>sese</span> <span class='ocrx_word' id='word_1_176' title='bbox 743 2227 775 2287; x_wconf 89' lang='lat' dir='ltr'>in</span> <span class='ocrx_word' id='word_1_177' title='bbox 790 2224 909 2287; x_wconf 89' lang='lat' dir='ltr'>Samnio</span> <span class='ocrx_word' id='word_1_178' title='bbox 925 2241 975 2284; x_wconf 88' lang='lat' dir='ltr'>res</span> <span class='ocrx_word' id='word_1_179' title='bbox 987 2221 1116 2286; x_wconf 86' lang='lat' dir='ltr'>habenti</span> <span class='ocrx_word' id='word_1_180' title='bbox 1133 2239 1205 2302; x_wconf 82' lang='lat' dir='ltr'>quae</span> 
     </span>
    </p>

    <p class='ocr_par' dir='ltr' id='par_1_5' title="bbox 214 2304 1206 2556">
     <span class='ocr_line' id='line_1_25' title="bbox 214 2304 1206 2390; baseline -0.004 -19"><span class='ocrx_word' id='word_1_181' title='bbox 214 2317 245 2371; x_wconf 84' lang='lat'>12</span> <span class='ocrx_word' id='word_1_182' title='bbox 256 2315 285 2370; x_wconf 88' lang='lat' dir='ltr'>tc</span> <span class='ocrx_word' id='word_1_183' title='bbox 297 2328 398 2380; x_wconf 87' lang='lat' dir='ltr'>causa,</span> <span class='ocrx_word' id='word_1_184' title='bbox 414 2316 446 2370; x_wconf 90' lang='lat' dir='ltr'>ut</span> <span class='ocrx_word' id='word_1_185' title='bbox 453 2311 604 2390; x_wconf 86' lang='lat' dir='ltr'>provincia</span> <span class='ocrx_word' id='word_1_186' title='bbox 613 2316 663 2370; x_wconf 91' lang='lat' dir='ltr'>tua</span> <span class='ocrx_word' id='word_1_187' title='bbox 674 2307 846 2379; x_wconf 82' lang='lat' dir='ltr'>excederes,</span> <span class='ocrx_word' id='word_1_188' title='bbox 857 2306 1014 2370; x_wconf 62' lang='lat' dir='ltr'>meusim</span> <span class='ocrx_word' id='word_1_189' title='bbox 1037 2304 1206 2368; x_wconf 85' lang='lat' dir='ltr'>Volumnius</span> 
     </span>
     <span class='ocr_line' id='line_1_26' title="bbox 255 2389 1206 2473; baseline -0.004 -20"><span class='ocrx_word' id='word_1_190' title='bbox 255 2394 287 2453; x_wconf 92' lang='lat' dir='ltr'>ln</span> <span class='ocrx_word' id='word_1_191' title='bbox 302 2393 422 2455; x_wconf 82' lang='lat' dir='ltr'>Samnio</span> <span class='ocrx_word' id='word_1_192' title='bbox 436 2410 485 2454; x_wconf 87' lang='lat' dir='ltr'>res</span> <span class='ocrx_word' id='word_1_193' title='bbox 503 2410 661 2473; x_wconf 87' lang='lat' dir='ltr'>prosperas</span> <span class='ocrx_word' id='word_1_194' title='bbox 676 2410 740 2454; x_wconf 88' lang='lat' dir='ltr'>esse</span> <span class='ocrx_word' id='word_1_195' title='bbox 754 2394 808 2463; x_wconf 86' lang='lat' dir='ltr'>ait,</span> <span class='ocrx_word' id='word_1_196' title='bbox 824 2389 929 2454; x_wconf 85' lang='lat' dir='ltr'>litteris</span> <span class='ocrx_word' id='word_1_197' title='bbox 941 2391 1005 2453; x_wconf 87' lang='lat' dir='ltr'>olus</span> <span class='ocrx_word' id='word_1_198' title='bbox 1019 2390 1144 2452; x_wconf 89' lang='lat' dir='ltr'>accitum</span> <span class='ocrx_word' id='word_1_199' title='bbox 1158 2407 1206 2450; x_wconf 84' lang='lat' dir='ltr'>se·</span> 
     </span>
     <span class='ocr_line' id='line_1_27' title="bbox 254 2472 1206 2556; baseline -0.004 -18"><span class='ocrx_word' id='word_1_200' title='bbox 254 2476 347 2546; x_wconf 88' lang='lat' dir='ltr'>nlsse;</span> <span class='ocrx_word' id='word_1_201' title='bbox 363 2494 437 2556; x_wconf 77' lang='lat' dir='ltr'>quae</span> <span class='ocrx_word' id='word_1_202' title='bbox 448 2476 474 2538; x_wconf 91' lang='lat' dir='ltr'>si</span> <span class='ocrx_word' id='word_1_203' title='bbox 486 2475 577 2539; x_wconf 82' lang='lat' dir='ltr'>falsae</span> <span class='ocrx_word' id='word_1_204' title='bbox 591 2476 708 2547; x_wconf 86' lang='lat' dir='ltr'>luerint,</span> <span class='ocrx_word' id='word_1_205' title='bbox 720 2474 961 2538; x_wconf 90' lang='lat' dir='ltr'>nseusussuisit</span> <span class='ocrx_word' id='word_1_206' title='bbox 973 2472 1140 2544; x_wconf 89' lang='lat' dir='ltr'>inlitruria,</span> <span class='ocrx_word' id='word_1_207' title='bbox 1157 2490 1206 2534; x_wconf 86' lang='lat' dir='ltr'>ox·</span> 
     </span>
    </p>

    <p class='ocr_par' dir='ltr' id='par_1_6' title="bbox 215 2556 1206 2805">
     <span class='ocr_line' id='line_1_28' title="bbox 215 2556 1204 2638; baseline 0.001 -21"><span class='ocrx_word' id='word_1_208' title='bbox 215 2564 245 2617; x_wconf 77' lang='lat'>13</span> <span class='ocrx_word' id='word_1_209' title='bbox 256 2556 365 2638; x_wconf 92' lang='lat' dir='ltr'>templo</span> <span class='ocrx_word' id='word_1_210' title='bbox 376 2560 524 2622; x_wconf 80' lang='lat' dir='ltr'>conversis</span> <span class='ocrx_word' id='word_1_211' title='bbox 534 2560 625 2637; x_wconf 79' lang='lat' dir='ltr'>signis</span> <span class='ocrx_word' id='word_1_212' title='bbox 635 2557 792 2622; x_wconf 85' lang='lat' dir='ltr'>abiturum.</span> <span class='ocrx_word' id='word_1_213' title='bbox 821 2565 880 2630; x_wconf 83' lang='lat' dir='ltr'>„tu</span> <span class='ocrx_word' id='word_1_214' title='bbox 893 2556 1204 2637; x_wconf 70' lang='lat' dir='ltr'>veroabewinqult.</span> 
     </span>
     <span class='ocr_line' id='line_1_29' title="bbox 255 2641 1206 2721; baseline 0 -21"><span class='ocrx_word' id='word_1_215' title='bbox 255 2641 1206 2721; x_wconf 74' lang='lat' dir='ltr'>„nequotoqulsquammoraturzetenimmiuimecousentanoum</span> 
     </span>
     <span class='ocr_line' id='line_1_30' title="bbox 254 2721 1205 2805; baseline 0 -20"><span class='ocrx_word' id='word_1_216' title='bbox 254 2730 307 2794; x_wconf 84' lang='lat' dir='ltr'>est,</span> <span class='ocrx_word' id='word_1_217' title='bbox 321 2739 388 2785; x_wconf 90' lang='lat' dir='ltr'>cum</span> <span class='ocrx_word' id='word_1_218' title='bbox 397 2721 857 2798; x_wconf 81' lang='lat' dir='ltr'>bellotuolorsitanvixsutliciss,</span> <span class='ocrx_word' id='word_1_219' title='bbox 867 2725 926 2788; x_wconf 87' lang='lat' dir='ltr'>huc</span> <span class='ocrx_word' id='word_1_220' title='bbox 937 2723 1205 2805; x_wconf 84' lang='lat' dir='ltr'>teadopemleron·</span> 
     </span>
    </p>

    <p class='ocr_par' dir='ltr' id='par_1_7' title="bbox 213 2805 1206 3057">
     <span class='ocr_line' id='line_1_31' title="bbox 213 2805 1205 2887; baseline 0.002 -20"><span class='ocrx_word' id='word_1_221' title='bbox 213 2813 246 2867; x_wconf 77' lang='lat'>14</span> <span class='ocrx_word' id='word_1_222' title='bbox 258 2805 529 2887; x_wconf 77' lang='lat' dir='ltr'>damalisglorisri</span> <span class='ocrx_word' id='word_1_223' title='bbox 538 2809 683 2872; x_wconf 52' lang='lat' dir='ltr'>remeses</span> <span class='ocrx_word' id='word_1_224' title='bbox 712 2809 789 2873; x_wconf 85' lang='lat' dir='ltr'>benc</span> <span class='ocrx_word' id='word_1_225' title='bbox 798 2808 940 2872; x_wconf 82' lang='lat' dir='ltr'>Hercules</span> <span class='ocrx_word' id='word_1_226' title='bbox 951 2815 1093 2880; x_wconf 82' lang='lat' dir='ltr'>verteret,</span> <span class='ocrx_word' id='word_1_227' title='bbox 1110 2807 1205 2870; x_wconf 89' lang='lat' dir='ltr'>dicere</span> 
     </span>
     <span class='ocr_line' id='line_1_32' title="bbox 254 2890 1205 2975; baseline 0.002 -24"><span class='ocrx_word' id='word_1_228' title='bbox 254 2891 439 2956; x_wconf 83' lang='lat' dir='ltr'>Volumnius:</span> <span class='ocrx_word' id='word_1_229' title='bbox 460 2890 547 2954; x_wconf 90' lang='lat' dir='ltr'>malle</span> <span class='ocrx_word' id='word_1_230' title='bbox 566 2892 676 2956; x_wconf 84' lang='lat' dir='ltr'>trustra</span> <span class='ocrx_word' id='word_1_231' title='bbox 690 2912 810 2975; x_wconf 83' lang='lat' dir='ltr'>operam</span> <span class='ocrx_word' id='word_1_232' title='bbox 831 2895 1009 2974; x_wconf 88' lang='lat' dir='ltr'>insumptam</span> <span class='ocrx_word' id='word_1_233' title='bbox 1025 2910 1113 2972; x_wconf 85' lang='lat' dir='ltr'>quam</span> <span class='ocrx_word' id='word_1_234' title='bbox 1128 2893 1205 2972; x_wconf 84' lang='lat' dir='ltr'>quic·</span> 
     </span>
     <span class='ocr_line' id='line_1_33' title="bbox 254 2974 1206 3057; baseline -0.003 -17"><span class='ocrx_word' id='word_1_235' title='bbox 254 2995 342 3057; x_wconf 81' lang='lat' dir='ltr'>quem</span> <span class='ocrx_word' id='word_1_236' title='bbox 352 2975 499 3046; x_wconf 84' lang='lat' dir='ltr'>incidisse,</span> <span class='ocrx_word' id='word_1_237' title='bbox 512 2995 565 3039; x_wconf 90' lang='lat' dir='ltr'>cur</span> <span class='ocrx_word' id='word_1_238' title='bbox 575 2996 636 3040; x_wconf 90' lang='lat' dir='ltr'>non</span> <span class='ocrx_word' id='word_1_239' title='bbox 647 2979 717 3041; x_wconf 87' lang='lat' dir='ltr'>satis</span> <span class='ocrx_word' id='word_1_240' title='bbox 727 2985 805 3041; x_wconf 89' lang='lat' dir='ltr'>esset</span> <span class='ocrx_word' id='word_1_241' title='bbox 814 2977 950 3040; x_wconf 85' lang='lat' dir='ltr'>litrruiae</span> <span class='ocrx_word' id='word_1_242' title='bbox 959 2993 1036 3039; x_wconf 88' lang='lat' dir='ltr'>unus</span> <span class='ocrx_word' id='word_1_243' title='bbox 1046 2974 1206 3038; x_wconf 72' lang='lat' dir='ltr'>muruco</span> 
     </span>
    </p>

    <p class='ocr_par' dir='ltr' id='par_1_8' title="bbox 226 3057 1206 3310">
     <span class='ocr_line' id='line_1_34' title="bbox 226 3057 1205 3141; baseline 0 -21"><span class='ocrx_word' id='word_1_244' title='bbox 226 3067 240 3120; x_wconf 86' lang='lat'>1</span> <span class='ocrx_word' id='word_1_245' title='bbox 254 3062 407 3126; x_wconf 86' lang='lat' dir='ltr'>exercitus</span> <span class='ocrx_word' id='word_1_246' title='bbox 450 3060 526 3124; x_wconf 81' lang='lat' dir='ltr'>xlx.</span> <span class='ocrx_word' id='word_1_247' title='bbox 553 3061 755 3141; x_wconf 66' lang='lat' dir='ltr'>[digredientes</span> <span class='ocrx_word' id='word_1_248' title='bbox 767 3063 826 3123; x_wconf 89' lang='lat' dir='ltr'>iam</span> <span class='ocrx_word' id='word_1_249' title='bbox 838 3058 974 3126; x_wconf 87' lang='lat' dir='ltr'>consules</span> <span class='ocrx_word' id='word_1_250' title='bbox 983 3059 1073 3139; x_wconf 75' lang='lat' dir='ltr'>legati</span> <span class='ocrx_word' id='word_1_251' title='bbox 1083 3057 1205 3122; x_wconf 75' lang='lat' dir='ltr'>ulduni·</span> 
     </span>
     <span class='ocr_line' id='line_1_35' title="bbox 254 3145 1205 3226; baseline -0.001 -19"><span class='ocrx_word' id='word_1_252' title='bbox 254 3163 312 3226; x_wconf 84' lang='lat' dir='ltr'>que</span> <span class='ocrx_word' id='word_1_253' title='bbox 327 3164 363 3209; x_wconf 81' lang='lat' dir='ltr'>ex</span> <span class='ocrx_word' id='word_1_254' title='bbox 376 3146 508 3225; x_wconf 76' lang='lat' dir='ltr'>lopiano</span> <span class='ocrx_word' id='word_1_255' title='bbox 524 3145 656 3208; x_wconf 81' lang='lat' dir='ltr'>exercitu</span> <span class='ocrx_word' id='word_1_256' title='bbox 670 3146 901 3208; x_wconf 86' lang='lat' dir='ltr'>circumsistunt:</span> <span class='ocrx_word' id='word_1_257' title='bbox 917 3161 987 3224; x_wconf 87' lang='lat' dir='ltr'>pars</span> <span class='ocrx_word' id='word_1_258' title='bbox 999 3145 1205 3223; x_wconf 73' lang='lat' dir='ltr'>inperatorem</span> 
     </span>
     <span class='ocr_line' id='line_1_36' title="bbox 253 3224 1206 3310; baseline -0.005 -17"><span class='ocrx_word' id='word_1_259' title='bbox 253 3246 339 3293; x_wconf 86' lang='lat' dir='ltr'>suum</span> <span class='ocrx_word' id='word_1_260' title='bbox 354 3245 455 3300; x_wconf 87' lang='lat' dir='ltr'>orare,</span> <span class='ocrx_word' id='word_1_261' title='bbox 474 3246 512 3291; x_wconf 88' lang='lat' dir='ltr'>no</span> <span class='ocrx_word' id='word_1_262' title='bbox 527 3227 658 3309; x_wconf 80' lang='lat' dir='ltr'>collegae</span> <span class='ocrx_word' id='word_1_263' title='bbox 671 3228 825 3301; x_wconf 82' lang='lat' dir='ltr'>auxilium,</span> <span class='ocrx_word' id='word_1_264' title='bbox 850 3228 930 3310; x_wconf 88' lang='lat' dir='ltr'>quod</span> <span class='ocrx_word' id='word_1_265' title='bbox 944 3227 1117 3291; x_wconf 81' lang='lat' dir='ltr'>acciendum</span> <span class='ocrx_word' id='word_1_266' title='bbox 1130 3224 1206 3290; x_wconf 84' lang='lat' dir='ltr'>ultre</span> 
     </span>
    </p>

    <p class='ocr_par' dir='ltr' id='par_1_9' title="bbox 226 3309 1206 3561">
     <span class='ocr_line' id='line_1_37' title="bbox 226 3309 1206 3394; baseline 0 -23"><span class='ocrx_word' id='word_1_267' title='bbox 226 3312 356 3384; x_wconf 72' lang='lat' dir='ltr'>eluerit,</span> <span class='ocrx_word' id='word_1_268' title='bbox 372 3330 424 3374; x_wconf 85' lang='lat' dir='ltr'>sua</span> <span class='ocrx_word' id='word_1_269' title='bbox 440 3320 544 3394; x_wconf 86' lang='lat' dir='ltr'>sponte</span> <span class='ocrx_word' id='word_1_270' title='bbox 555 3311 685 3376; x_wconf 88' lang='lat' dir='ltr'>oblatum</span> <span class='ocrx_word' id='word_1_271' title='bbox 695 3320 899 3394; x_wconf 87' lang='lat' dir='ltr'>spernoretur;</span> <span class='ocrx_word' id='word_1_272' title='bbox 914 3310 1014 3392; x_wconf 88' lang='lat' dir='ltr'>piures</span> <span class='ocrx_word' id='word_1_273' title='bbox 1023 3309 1142 3374; x_wconf 85' lang='lat' dir='ltr'>abeunti</span> <span class='ocrx_word' id='word_1_274' title='bbox 1152 3311 1206 3371; x_wconf 85' lang='lat' dir='ltr'>Vc·</span> 
     </span>
     <span class='ocr_line' id='line_1_38' title="bbox 254 3392 1205 3479; baseline 0.002 -25"><span class='ocrx_word' id='word_1_275' title='bbox 254 3392 367 3458; x_wconf 90' lang='lat' dir='ltr'>lumnlo</span> <span class='ocrx_word' id='word_1_276' title='bbox 378 3395 529 3469; x_wconf 86' lang='lat' dir='ltr'>obsistere,</span> <span class='ocrx_word' id='word_1_277' title='bbox 542 3396 691 3469; x_wconf 81' lang='lat' dir='ltr'>obtestari,</span> <span class='ocrx_word' id='word_1_278' title='bbox 702 3415 741 3459; x_wconf 88' lang='lat' dir='ltr'>ne</span> <span class='ocrx_word' id='word_1_279' title='bbox 750 3414 916 3479; x_wconf 74' lang='lat' dir='ltr'>prarocum</span> <span class='ocrx_word' id='word_1_280' title='bbox 924 3394 1037 3474; x_wconf 76' lang='lat' dir='ltr'>collega</span> <span class='ocrx_word' id='word_1_281' title='bbox 1047 3394 1205 3458; x_wconf 80' lang='lat' dir='ltr'>certamine</span> 
     </span>
     <span class='ocr_line' id='line_1_39' title="bbox 256 3475 1206 3561; baseline 0 -23"><span class='ocrx_word' id='word_1_282' title='bbox 256 3493 320 3539; x_wconf 88' lang='lat' dir='ltr'>rem</span> <span class='ocrx_word' id='word_1_283' title='bbox 338 3475 485 3557; x_wconf 75' lang='lat' dir='ltr'>publicam</span> <span class='ocrx_word' id='word_1_284' title='bbox 504 3480 625 3560; x_wconf 74' lang='lat' dir='ltr'>prcdatz</span> <span class='ocrx_word' id='word_1_285' title='bbox 646 3482 744 3561; x_wconf 89' lang='lat' dir='ltr'>siqua</span> <span class='ocrx_word' id='word_1_286' title='bbox 764 3479 861 3542; x_wconf 85' lang='lat' dir='ltr'>clades</span> <span class='ocrx_word' id='word_1_287' title='bbox 878 3478 1042 3550; x_wconf 72' lang='lat' dir='ltr'>incidimet,</span> <span class='ocrx_word' id='word_1_288' title='bbox 1062 3477 1206 3541; x_wconf 87' lang='lat' dir='ltr'>desertori</span> 
     </span>
    </p>
   </div>
   <div class='ocr_carea' id='block_1_3' title="bbox 0 0 1292 4067">
    <p class='ocr_par' dir='ltr' id='par_1_10' title="bbox 0 0 1292 4067">
     <span class='ocr_line' id='line_1_40' title="bbox 0 0 1292 4067; baseline 0 0"><span class='ocrx_word' id='word_1_289' title='bbox 0 0 1292 4067; x_wconf 95' lang='lat' dir='ltr'> </span> 
     </span>
    </p>
   </div>
  </div>
 </body>
</html>
