2575 4067
238 273 300 342 310
414 291 507 333 oman
521 291 597 332 xxti.
614 290 682 332 our.
697 277 741 329 tlt.
753 276 798 330 od.
813 267 853 349 [s.
870 292 901 330 u.
915 291 942 332 c
956 266 1019 348 5³8]

237 441 276 500 ita
291 440 399 516 ignotis
417 456 456 499 ne
478 436 632 498 eonsilium
656 435 775 516 quidem
791 437 862 496 satis
877 434 1064 513 expedirent,
1082 434 1200 497 obstre-

237 521 500 601 peretqreclamor
512 520 734 581 lamentantium
742 517 909 588 mulierum,
925 516 1201 616 etoondumpaiqm
1280 531 1281 600 J

211 600 1201 767 ,titiitttiltffttittutttttttttttttut:
1280 689 1281 712 ‚

238 778 281 833 ies
296 771 447 851 expeditos
464 772 601 850 etdppla
619 767 1015 837 etLatinavtamittsndos,
1030 767 1201 847 quiobrios
1280 801 1281 810 ,

238 853 514 935 percunctando-
532 852 645 934 aliquos
659 854 794 932 proiecto
810 870 846 913 ex
862 852 932 929 iuga
948 853 1057 931 passim
1072 851 1200 930 dissipa·

238 948 283 999 tos
298 940 362 999 iore
379 974 421 985 -
435 939 580 1007 referant,
603 954 680 1016 quae
699 937 816 998 fortuna
831 934 986 996 consulum
1005 942 1092 1015 atqrm
1112 953 1200 996 exer·

208 1022 348 1082 tcittmm
369 1023 422 1092 sit,
443 1027 488 1092 et,
518 1021 542 1081 si
566 1019 635 1099 quid
658 1019 698 1080 dii
717 1018 903 1088 inmortales,
923 1020 1049 1080 miseriti
1068 1019 1199 1098 imperii,

236 1104 382 1183 reliquum
399 1104 525 1165 Romani
543 1105 672 1164 nominis
694 1103 834 1172 iecerint,
855 1101 908 1163 uhi
931 1119 984 1162 eae
1004 1103 1105 1182 copiae
1121 1104 1199 1168 sint:

237 1206 295 1268 quo
307 1206 338 1249 se
350 1186 494 1249 Hannibal
505 1194 572 1264 post
585 1186 732 1265 proelium
742 1185 914 1256 contulerit,
932 1185 1002 1265 quid
1016 1193 1111 1265 paret,
1126 1188 1199 1266 quid

208 1280 304 1349 sugat
324 1279 500 1351 acturumque
521 1272 567 1331 sit.
613 1271 687 1332 haec
715 1268 894 1349 exploranda
915 1269 1124 1349 noscendaque
1144 1289 1199 1350 per

236 1355 367 1433 inpigros
388 1357 508 1417 iuvenes
534 1372 614 1423 esse;
642 1352 714 1414 illud
738 1370 793 1432 per
811 1359 911 1433 patres
935 1355 1015 1432 ipsos
1038 1352 1197 1431 agendum,

236 1441 374 1518 quoniam
388 1441 581 1517 magistrarum
602 1455 708 1517 parum
723 1438 774 1506 sit,
796 1446 830 1498 ut
842 1434 1000 1498 tumultum
1015 1454 1050 1497 ac
1065 1437 1196 1516 trepida·

235 1523 346 1582 tionem
361 1523 391 1597 in
406 1522 480 1582 urhe
495 1521 613 1591 tollant,
629 1528 779 1582 matronas
792 1519 911 1600 publico
927 1527 1049 1581 arceant
1061 1523 1196 1582 contine·

209 1606 320 1684 trique
337 1606 413 1666 intra
428 1623 513 1665 suum
532 1623 679 1683 quaanue
693 1604 784 1666 limen
804 1613 925 1682 cogant,
949 1603 1138 1683 conploratus
1153 1605 1196 1665 ia·

235 1687 382 1748 miliarum
403 1696 574 1757 coerceant,
597 1686 746 1749 silentium
767 1706 822 1768 per
846 1687 953 1748 urbem
973 1687 1096 1757 iaciant,
1118 1705 1195 1748 nun·

235 1770 291 1829 tios
301 1787 402 1830 rerum
418 1771 549 1832 omnium
565 1769 603 1831 ad
617 1779 771 1851 praetores
785 1770 974 1832 deducendos
985 1779 1104 1842 curent,
1125 1789 1196 1833 suas

206 1854 359 1933 sqntsque
383 1852 519 1915 fortunae
540 1853 620 1915 domi
643 1863 795 1916 auctorem
812 1861 984 1934 expectent,
999 1854 1195 1935 custodesque

235 1944 388 2017 praeterea
408 1937 446 1998 ad
467 1945 568 2016 portas
590 1945 715 2018 ponant,
741 1940 791 2018 qui
820 1937 997 2018 prohibeant
1017 1956 1194 2019 quemquam

236 2021 338 2098 egredi
359 2019 478 2090 urbem,
506 2031 670 2102 cogantque
695 2022 831 2084 homines
852 2020 961 2084 nullam
984 2022 1041 2082 nisi
1063 2022 1140 2084 urhe
1162 2040 1194 2084 at

235 2103 391 2166 moenibus
406 2105 492 2169 salvis
506 2106 630 2167 salutem
652 2123 782 2185 sperare.
821 2106 873 2167 ubl
887 2107 1062 2167 conticuerit
1083 2104 1194 2188 [recte]

235 2188 388 2259 tumuitus,
406 2198 467 2251 tum
483 2192 514 2251 in
529 2193 641 2253 curiam
656 2198 756 2270 patres
770 2189 951 2252 revocandos
967 2188 1193 2252 consulendum·

236 2291 292 2351 que
310 2273 346 2334 do
363 2273 445 2335 urhis
460 2273 592 2336 custodie
607 2292 681 2335 esse.

208 2360 222 2412 1
297 2357 366 2417 LVl.
397 2358 470 2419 Cum
485 2358 516 2418 in
542 2358 621 2419 hano
637 2359 812 2421 sentemiam
833 2356 958 2437 pedibus
974 2374 1077 2417 omnes
1091 2359 1192 2428 issem,

235 2449 439 2521 summotaque
453 2442 518 2502 iuro
528 2459 591 2518 per
607 2444 794 2521 magistratus
811 2440 897 2502 turba
918 2448 1018 2521 patres
1032 2440 1142 2502 diversi
1158 2441 1195 2503 ad

235 2523 381 2584 sedandos
402 2521 545 2585 tumuitus
569 2525 787 2597 discessissent,
809 2535 873 2586 tum
900 2525 1019 2586 demum
1041 2523 1158 2586 litterae
1178 2544 1194 2587 a

207 2605 265 2665 2C.
280 2605 420 2667 Terentio
435 2606 555 2668 consule
580 2608 692 2671 adlatae
711 2619 796 2671 sunt:
812 2610 845 2670 L.
872 2606 1028 2669 Aemilium
1042 2606 1195 2669 consulem

235 2689 454 2768 exercitumque
471 2708 603 2759 caesum
621 2709 685 2751 sese
700 2693 818 2754 Canusii
840 2710 917 2761 esse,
941 2691 1081 2757 reliquias
1095 2699 1194 2753 nume

235 2768 325 2829 cladis
348 2769 426 2832 reiut
449 2790 485 2832 ex
506 2774 662 2851 naufragio
682 2773 878 2854 colligentem.
922 2775 959 2837 ad
985 2761 1087 2835 decem
1112 2775 1193 2835 milia
1277 2787 1278 2842 i

232 2852 358 2916 militum
381 2855 476 2918 terme
508 2874 572 2919 esse
601 2860 858 2939 inconpositorum
888 2858 1193 2938 inordinatorumque

204 2937 363 3001 tPocnum
378 2940 483 3002 sedere
497 2940 533 3002 ad
552 2942 681 3015 Cannas,
698 2945 729 3003 in
751 2945 932 3024 captivorum
948 2943 1052 3020 pretiis
1066 2942 1194 3020 praeda·

232 3040 289 3102 que
305 3023 360 3084 aila
374 3042 430 3086 uec
444 3027 563 3086 victoris
578 3029 677 3088 auimo
693 3045 749 3088 nec
763 3043 870 3105 magno
889 3026 972 3087 ducis
986 3042 1068 3086 more
1085 3025 1193 3086 nundi·

203 3114 360 3169 tnantom.
383 3115 444 3169 tum
461 3111 591 3187 privatae
612 3128 729 3189 quoque
747 3110 921 3191 perdemus
939 3107 1038 3170 clades
1057 3108 1193 3186 vulgatae

232 3199 314 3261 sunt,
341 3190 473 3271 adeoque
493 3199 585 3253 totam
609 3193 712 3255 urbem
735 3194 863 3273 opplevit
885 3193 998 3262 luctus,
1024 3199 1058 3251 ut
1073 3208 1191 3254 sacrum
1276 3175 1277 3208 ³

232 3275 463 3337 anniversarium
485 3276 600 3338 Cereris
621 3279 823 3339 intermissum
840 3279 891 3347 sit,
909 3278 977 3356 quia
995 3293 1051 3336 noo
1064 3274 1191 3353 lugenti·

231 3354 287 3416 bus
301 3356 332 3417 ld
347 3358 445 3419 iacere
462 3366 507 3419 est
523 3359 581 3431 ias,
606 3378 662 3421 nec
676 3359 735 3423 ulla
748 3362 780 3421 in
800 3360 849 3421 illa
863 3367 1038 3439 tempestate
1054 3369 1191 3420 matrona

203 3441 337 3516 teupers
358 3438 454 3502 luctus
474 3443 579 3504 iuerat.
614 3446 712 3523 itaque
734 3462 772 3504 ne
794 3444 831 3505 oh
853 3444 977 3505 eandem
1000 3459 1119 3503 cauum
1135 3440 1191 3502 ulia

230 3534 347 3594 (ΜΗΘ
367 3539 450 3581 t*tert
475 3524 593 3601 publica
614 3535 664 3586 aut
682 3528 796 3604 privata
822 3526 1044 3593 desererentur.
1070 3532 1191 3586 senaim
1266 3501 1276 3574 l
