2575 4067
325 238 436 281 mrs
450 239 480 283 x.
500 238 569 282 car.
590 227 616 282 3.
632 228 658 279 t.
672 217 712 301 [a.
729 221 764 284 0.
779 225 840 304 ³02]
1010 229 1069 293 ibi

84 395 129 447 tus
145 387 299 448 Romam
321 394 412 454 esset,
436 388 576 464 magister
599 388 731 467 equitum
748 385 917 469 pabulatum
935 407 1071 470 egressus

83 488 118 531 ex
132 469 275 530 insidiis
291 470 533 541 circumvenitur,
553 471 704 550 signisque
723 469 836 550 aliquot
850 473 963 535 emissis
983 474 1069 538 loeda

81 552 224 614 militum
244 552 342 614 caede
358 568 393 612 ac
407 552 476 629 fuga
489 554 522 613 in
535 560 631 615 castra
647 561 692 616 est
709 553 877 634 conpulsus.
906 557 956 634 qul
971 564 1098 620 terrort

81 653 144 695 non
170 655 214 697 eo
242 643 363 697 tantum
382 652 399 695 a
417 635 509 697 Fabio
529 635 685 709 abhorret,
706 635 828 717 quodsi
852 655 909 717 qua
930 636 985 699 alia
1006 649 1070 703 arte

81 735 276 796 cognomen
292 737 378 780 suum
396 720 531 798 aequarit
552 725 613 782 tum
627 738 764 782 maxume
788 718 902 782 bellicis
925 719 1068 795 laudibus,

80 802 136 861 sed
153 804 265 863 etiarn
281 801 359 881 quod
373 819 487 863 memor
503 802 676 882 Papirianae
690 804 826 865 saevitiae
841 820 1016 885 numquam,
1036 810 1099 868 uti

82 883 262 946 dictatoris
276 887 389 946 iniussu
405 885 573 957 eliminaret,
589 887 695 948 adduci
709 887 861 967 potuisset.

149 969 206 1029 lv.
245 969 385 1030 Nuntiata
406 988 440 1030 ea
466 967 563 1030 clades
582 970 706 1032 Romam
726 971 882 1042 malorem,
908 989 995 1051 quam
1019 978 1094 1033 resi

2 1091 3 1108 ,
82 1061 167 1122 erat,
194 1060 355 1114 terrorem
374 1053 488 1113 excivit.
518 1070 587 1114 nam
607 1060 641 1114 ut
662 1054 794 1115 exercitu
809 1053 905 1116 deleto
925 1056 965 1116 lta
985 1056 1096 1117 iusti-t

2 1121 3 1184 l
84 1136 164 1197 tium
178 1136 352 1206 indictum,
365 1134 514 1196 custodiae
524 1136 555 1196 in
567 1137 674 1216 portis,
688 1135 802 1216 vigiliae
813 1138 929 1198 vicatim
940 1148 1067 1210 exactae,

85 1236 195 1290 arma,
221 1217 283 1279 tela
296 1220 329 1279 in
344 1236 447 1281 muros
464 1227 612 1297 congesta.
642 1219 781 1282 omnibus
794 1219 959 1282 iunioribus
970 1227 1097 1284 sacra-t

87 1311 200 1364 mento
234 1302 347 1363 adactis
368 1301 494 1363 dictator
516 1303 553 1363 ad
574 1302 736 1363 exercitum
761 1304 867 1365 missus
892 1304 991 1366 omnia
1015 1323 1067 1386 spe

87 1385 312 1466 tranquilliora
328 1394 357 1446 et
371 1386 521 1466 conposita
533 1386 667 1464 magistri
679 1386 810 1466 equitum
827 1403 912 1456 cura,
928 1395 1022 1449 castra
1035 1390 1068 1450 in

88 1470 249 1531 tutiorem
263 1469 360 1530 locum
377 1469 510 1539 redacta,
534 1470 686 1540 cobortes,
709 1487 783 1550 quae
799 1471 883 1549 signa
899 1473 1096 1543 amiserantt

91 1560 184 1614 extra
213 1551 323 1613 vallum
343 1552 407 1613 sine
429 1554 563 1615 tentoriis
584 1552 737 1616 destitutas
757 1556 882 1625 invenit,
905 1556 1067 1617 exercitum

100 1637 233 1698 avidum
248 1654 379 1716 pugnae,
397 1655 456 1717 quo
473 1638 616 1699 maturius
633 1639 792 1716 ignominia
806 1638 983 1702 aboleretur.
1018 1640 1099 1701 ita-b

2 1707 3 1728 ¹
95 1738 155 1799 que
168 1720 333 1782 confestim
345 1728 440 1781 castra
453 1720 522 1782 inde
536 1723 566 1782 in
585 1738 688 1800 agrum
706 1722 895 1785 Rusellanum
910 1725 1065 1804 promovit.

95 1822 132 1863 eo
148 1813 182 1866 et
198 1805 301 1865 hostes
313 1805 422 1875 secuti,
440 1823 615 1885 quamquam
629 1824 665 1867 ex
680 1804 756 1866 bene
772 1814 854 1886 gesta
873 1825 907 1869 re
921 1813 1096 1869 summamt

97 1896 127 1947 et
142 1889 177 1949 in
194 1895 300 1967 aperto
312 1888 472 1949 certamine
486 1889 591 1949 virium
607 1906 691 1968 spem
705 1889 868 1960 habebant,
886 1898 983 1952 nmen
994 1891 1066 1951 insl-

96 1970 154 2032 diis
166 1989 302 2053 quoque,
318 1990 390 2050 quas
405 1970 530 2033 feliciter
542 1973 656 2051 experti
668 1981 766 2043 erant,
781 1974 895 2034 hostem
912 1980 1065 2053 temptant.

97 2062 180 2116 tecta
197 2056 341 2116 semiruta
362 2056 417 2115 rici
434 2073 489 2134 per
502 2055 694 2116 vastationem
715 2072 854 2133 agrorum
874 2054 969 2116 deusti
988 2054 1096 2118 haudt

99 2138 211 2216 procul
233 2139 337 2199 castris
355 2138 555 2199 Romanorum
577 2136 708 2197 aberant.
755 2136 798 2198 ibi
819 2136 925 2198 abditis
947 2139 1067 2199 uniatis

104 2239 201 2298 pecus
220 2223 252 2282 ln
273 2229 432 2302 conspectu
454 2219 594 2301 praesidii
615 2218 753 2291 Romani,
782 2221 830 2280 cui
855 2226 993 2297 praeerat
1013 2219 1065 2282 Cn.

102 2304 225 2368 Frdrius
245 2304 372 2383 legatus,
399 2303 583 2385 propulsum.
628 2301 775 2382 adquam
797 2300 977 2363 inlecebram
1000 2309 1096 2363 cumn

104 2395 275 2452 moveretur
289 2405 378 2450 nemo
389 2387 426 2449 ab
437 2388 569 2449 Romana
583 2388 726 2463 statione,
744 2394 894 2467 pastorum
905 2402 981 2446 unus
998 2402 1067 2466 pro·

102 2488 226 2547 gressus
245 2471 300 2533 sub
319 2473 397 2552 ipsas
419 2471 597 2533 munitiones
617 2469 757 2532 inclamat
776 2468 862 2542 allos,
892 2477 1066 2531 cunctanter

106 2555 142 2617 ab
155 2558 252 2618 ruinis
263 2557 319 2617 vici
333 2573 424 2635 pecus
436 2553 650 2635 propellentes,
670 2554 739 2635 quid
750 2561 913 2626 cessarent,
930 2570 996 2616 cum
1012 2571 1066 2636 per

104 2642 203 2701 media
215 2646 309 2701 castra
321 2639 450 2700 Romana
467 2647 529 2700 tuto
540 2657 628 2718 agere
641 2649 771 2719 possent.
799 2639 872 2701 baec
883 2656 951 2701 cum
966 2637 1091 2719 legatos

106 2723 237 2785 Caerites
248 2723 366 2803 quidam
377 2723 657 2802 interpretarentur,
677 2731 706 2784 et
720 2743 774 2804 per
785 2742 889 2785 omnes
900 2721 1065 2804 manipulos

106 2808 233 2869 militum
249 2806 411 2885 indignatio
423 2808 526 2885 ingens
540 2815 630 2877 esset,
644 2824 699 2866 nec
711 2815 809 2869 tamen
823 2808 936 2868 iniussu
952 2806 1065 2867 moveri

107 2892 263 2960 auderent,
279 2888 358 2951 iubet
373 2891 484 2969 peritos
498 2889 617 2968 linguae
627 2886 788 2949 adtendere
803 2891 949 2957 animum,
966 2893 1064 2963 pasto·

106 2992 173 3037 rum
188 2992 286 3035 sermo
300 2976 410 3052 agresti
423 2991 461 3034 an
472 2972 586 3034 urbano
609 2971 732 3052 propior
754 2978 840 3032 esset
877 2987 945 3031 cum
967 2966 1107 3029 refer-10

106 3066 174 3119 rent
188 3074 293 3119 sonum
313 3056 430 3136 linguae
447 3064 649 3135 etcorporum
671 3053 802 3116 habitum
817 3060 847 3114 et
862 3053 988 3112 nitorem
1003 3049 1064 3111 cul·

83 3187 86 3190 -
108 3143 181 3203 liora
202 3160 289 3220 quam
315 3138 472 3220 pastoralia
493 3158 575 3201 esset
602 3140 670 3210 „ite
687 3139 790 3216 igitur,
818 3135 932 3197 dicite“
959 3134 1063 3214 inquit,

108 3271 124 3295 ‚,
133 3226 271 3304 detegant
288 3225 465 3305 nequiquam
489 3222 620 3282 conditas
639 3221 773 3282 insidias:
795 3220 893 3281 omnla
914 3217 991 3279 scire
1005 3216 1063 3278 llo·

108 3327 240 3379 manum,
257 3326 312 3370 nec
323 3310 417 3388 magis
429 3306 487 3368 lam
499 3304 566 3366 dolo
578 3305 643 3383 capi
654 3322 742 3382 quam
754 3303 843 3364 armis
857 3302 935 3363 vinci
945 3308 1064 3380 posse.“

107 3390 177 3453 haec
189 3391 241 3453 ubi
252 3392 349 3453 audita
363 3399 431 3454 sunt
444 3397 474 3450 et
487 3389 524 3449 ad
540 3405 604 3458 eos,
622 3387 673 3466 qui
685 3386 880 3449 consederant
893 3386 924 3445 in
939 3384 1061 3458 insidiis,
1074 3391 1105 3445 tt

108 3476 232 3552 perlata,
252 3483 475 3537 consurrectum
486 3478 608 3554 repente
620 3488 658 3532 ex
671 3469 792 3533 latebris
804 3477 861 3545 est,
878 3477 908 3533 et
917 3471 949 3532 ln
962 3476 1064 3551 pateu-
