2575 4067
230 263 292 328 238
463 277 556 318 umas
571 277 635 318 xxr.
653 275 722 319 car.
737 264 781 318 41.
797 256 839 338 [a.
852 279 882 319 n.
898 278 924 319 e.
940 256 1003 338 aad]

230 426 288 487 iam
309 423 459 503 proiectus
479 441 574 493 eram,
596 441 664 485 cum
690 426 821 486 exercitu
846 427 890 484 ire
906 440 981 493 mec,
1003 422 1056 485 nbi
1076 431 1106 484 et
1132 423 1197 488 ira·

230 516 307 571 trem
340 507 454 569 eonsssii
478 508 651 586 participem
681 525 716 568 ac
750 508 875 588 periculi
900 508 1012 568 socium
1037 506 1195 581 haberem,

230 599 260 654 et
288 589 501 653 Hasdrubalem
515 592 624 669 potius
656 609 743 670 quam
780 589 975 652 Hannibalem
1012 590 1140 660 basiem,
1166 600 1197 653 et

202 676 375 737 eminerem
390 674 469 736 haud
487 673 575 735 dubie
597 672 707 735 molem
727 672 812 735 beili:
834 681 948 744 tamen,
973 691 1040 735 cum
1057 682 1195 754 praeter·

230 760 354 821 rehcrcr
375 757 495 819 navibus
512 757 622 819 Calliae
641 774 739 828 cram,
764 757 800 820 ad
822 757 929 820 lamam
946 757 1033 818 huius
1047 758 1143 820 hastis
1163 759 1195 819 in

234 853 345 905 terram
368 859 504 920 egressus
522 841 685 921 praemisso
705 843 835 922 equitatu
858 841 895 902 ad
917 840 1093 902 Rhodanum
1113 843 1195 902 mcvi

205 934 338 988 scastra.
369 925 498 1005 equestri
516 923 644 1003 praelio,
666 942 724 1004 qua
745 932 828 1003 parte
849 926 1001 1004 copiarum
1015 924 1195 986 conserendi

230 1028 350 1075 manum
373 1010 489 1070 icrtuna
510 1008 576 1070 data
597 1014 657 1078 est,
681 1009 797 1069 hostem
819 1007 898 1076 iudi;
920 1007 1053 1086 peditum
1072 1025 1193 1086 agmen,

230 1094 308 1174 qued
323 1094 354 1154 in
369 1092 490 1154 medum
506 1091 682 1170 fugientium
693 1093 801 1171 raptim
814 1089 970 1170 agebatur,
987 1092 1055 1171 qula
1070 1090 1194 1171 adsequi

229 1186 310 1239 terra
336 1194 396 1237 non
422 1183 570 1256 poteram,
598 1192 696 1255 neque
716 1175 752 1212 *¹*
773 1192 927 1253 regressus
946 1175 983 1235 ad
1009 1175 1090 1236 naris
1118 1183 1193 1245 erat,

230 1268 338 1341 quanta
360 1261 488 1322 maxime
507 1260 590 1338 potui
612 1257 763 1320 celeritate
776 1266 856 1319 tanto
877 1259 967 1319 maris
983 1265 1195 1335 terrarumque

230 1346 355 1406 circuitu
371 1346 404 1405 in
415 1342 564 1404 radicibus
577 1360 671 1422 prope
686 1341 803 1422 Alpium
818 1340 887 1403 huic
898 1340 1029 1402 timendo
1044 1342 1122 1402 hosti
1138 1341 1193 1402 ob-

201 1431 293 1489 brius
307 1428 358 1490 iul.
388 1434 504 1497 utrum,
520 1445 587 1489 cum
604 1424 785 1487 declinarem
801 1432 951 1486 certamen
965 1426 1131 1503 inprovisus
1146 1426 1192 1485 in-

231 1511 337 1573 cidisse
348 1511 466 1581 videcr,
483 1528 520 1570 an
536 1527 694 1571 occurrere
704 1510 736 1569 in
750 1509 880 1587 vestigiis
899 1509 975 1578 eius,
997 1506 1143 1570 lacessere
1158 1526 1193 1569 ac

201 1595 350 1656 atrahere
371 1593 407 1660 ad
423 1593 663 1654 decernendum?
692 1594 821 1691 experiri
832 1593 925 1662 iuvat,
940 1599 1041 1653 utrum
1055 1590 1128 1653 alins
1144 1610 1191 1652 re·

231 1684 319 1756 pente
334 1676 590 1753 Carthaginienses
600 1693 655 1756 per
675 1676 778 1754 viganti
792 1693 886 1737 annos
902 1685 982 1735 terra
998 1674 1135 1745 ediderit,
1154 1692 1194 1735 an

230 1759 309 1819 idem
325 1760 398 1827 sint,
416 1759 467 1838 qui
478 1758 514 1819 ad
531 1760 648 1837 degatis
659 1764 864 1838 pugnaverunt
879 1757 1004 1828 insulas,
1023 1765 1053 1818 et
1069 1775 1142 1837 ques
1155 1757 1192 1818 ab

201 1842 323 1921 7Eryce
335 1839 543 1903 duodevicenis
554 1842 684 1903 denariis
696 1843 864 1904 aestimatos
874 1841 1025 1911 emisistis,
1045 1849 1075 1902 et
1091 1848 1190 1902 nuum

232 1924 377 1987 Hannibal
392 1926 441 1987 hic
456 1927 494 1987 sit
512 1925 643 1988 aemulus
665 1927 805 1987 itinerum
820 1924 970 1996 Herculis,
993 1932 1026 1985 ut
1041 1927 1106 2004 ipse
1122 1924 1189 1996 ieri,

232 2027 269 2075 an
283 2009 433 2088 vectigalis
452 2009 719 2090 stipendiariusque
741 2015 770 2071 et
790 2027 891 2071 servus
911 2006 1014 2088 populi
1031 2008 1193 2070 Romania

202 2101 315 2175 epatre
329 2092 464 2155 relictus:
481 2112 569 2174 quem
587 2095 644 2154 nisi
660 2094 854 2172 Saguntinum
871 2091 968 2154 scelus
982 2093 1122 2171 agitaret,
1145 2110 1195 2153 re-

231 2179 360 2258 spiceret
382 2177 531 2258 proiecto,
552 2179 578 2238 sl
599 2195 659 2238 non
678 2177 804 2256 patriam
826 2178 945 2245 vietam,
968 2175 1088 2237 domum
1110 2184 1194 2237 certe

202 2268 405 2342 epatremque
420 2270 450 2323 et
465 2261 584 2323 icedera
599 2259 774 2322 Hamilcaris
788 2261 898 2339 scripta
911 2277 1015 2330 manu,
1033 2260 1084 2339 qni
1097 2259 1196 2321 iussus

232 2345 269 2407 ab
285 2345 407 2407 consule
422 2353 524 2407 nestro
538 2344 718 2424 praesidium
735 2343 855 2405 deduxit
876 2341 913 2403 ab
931 2342 1041 2422 Eryce,
1057 2344 1109 2422 qui
1126 2360 1195 2421 gra·

231 2446 282 2490 res
296 2430 438 2508 inpositas
457 2429 539 2490 victis
556 2428 848 2505 Carthaginiensibus
862 2426 944 2505 leges
965 2426 1097 2487 fremens
1113 2445 1195 2487 mae·

231 2529 360 2591 rensque
376 2514 504 2591 accepit,
521 2514 571 2591 qui
586 2510 731 2572 decedere
747 2509 858 2580 Sicilia,
883 2512 933 2589 qui
947 2509 1125 2589 stipendium
1139 2526 1195 2589 pc-

192 2600 224 2651 10
236 2593 305 2673 pulo
320 2595 453 2655 Romano
466 2594 537 2655 dare
548 2602 652 2671 paetus
663 2601 716 2654 est.
745 2596 844 2674 itaque
856 2612 907 2655 vcs
920 2611 989 2672 ege,
1005 2592 1119 2661 milites,
1131 2610 1196 2654 nen

233 2694 268 2737 ec
279 2674 375 2737 solum
387 2678 501 2747 animo,
517 2695 575 2755 quc
587 2676 726 2737 adversus
736 2677 808 2738 alias
820 2678 920 2738 hostes
930 2675 1041 2744 soletis,
1055 2691 1194 2754 pugnare

232 2757 333 2830 velim,
358 2760 411 2819 sed
433 2777 499 2820 cum
521 2759 724 2837 indignatione
738 2760 863 2841 quadam
885 2767 973 2841 atque
993 2760 1050 2829 ira,
1070 2753 1148 2818 velut
1163 2759 1191 2816 si

233 2860 334 2905 servos
352 2842 474 2904 rideatis
493 2852 606 2905 vestros
628 2862 710 2906 arma
725 2851 849 2924 repente
865 2851 968 2906 contra
987 2859 1039 2904 ros
1051 2840 1192 2902 ierentes.

192 2926 317 2991 illieuit
347 2927 384 2990 ad
403 2928 528 3007 Erycem
549 2927 663 2990 clausos
683 2928 786 2990 ultimo
813 2927 956 3006 supplicio
984 2928 1193 2996 humanorum,

66 3021 91 3026 ”
176 3040 196 3049 ·-
233 3012 499 3082 iameinterficere;
514 3010 1195 3074 licuitrictricemclasseminhiricamtraieere

233 3104 319 3176 atque
334 3098 412 3158 intra
427 3114 537 3175 paucos
558 3095 620 3157 dies
640 3098 705 3156 sine
725 3095 785 3158 ullo
809 3096 969 3156 certamine
985 3093 1195 3171 Carthaginem

192 3189 224 3239 ta
235 3178 335 3242 delere
348 3200 406 3239 -ι
422 3182 537 3241 veniam
552 3178 686 3241 dedimus
700 3178 905 3260 precantibus,
922 3178 1074 3239 emisimus
1089 3195 1125 3238 ex
1141 3175 1195 3237 cb·

233 3262 363 3335 sidione,
380 3281 484 3343 pacem
496 3282 563 3325 cum
577 3264 662 3324 victis
676 3263 812 3335 fecimus,
828 3260 937 3324 tutelae
953 3260 1060 3322 deinde
1075 3267 1196 3322 nestrae

193 3345 389 3419 reduximus,
408 3365 475 3409 eum
490 3347 589 3410 Africo
606 3345 686 3409 bebo
700 3353 887 3428 urgerentur.
916 3363 971 3425 pro
986 3344 1033 3406 his
1046 3344 1197 3425 inpertitis

233 3428 378 3491 furiosum
388 3431 524 3494 iuvenem
539 3439 697 3510 sequentes
709 3438 908 3512 oppugnatum
920 3430 1047 3509 patriam
1061 3435 1197 3489 nestram

234 3512 365 3572 veniunt.
403 3520 490 3594 atque
511 3516 624 3575 utinam
644 3534 700 3594 pro
724 3516 832 3577 decere
851 3519 965 3574 tantum
988 3512 1045 3573 hcc
1067 3511 1152 3573 vcbls
1167 3518 1199 3572 et
