2575 4067
270 255 313 318 86
450 266 547 308 mun
560 264 617 308 vu.
634 262 703 305 one.
720 249 764 302 33.
778 248 821 302 34.
838 238 878 320 [a.
892 262 924 301 u.
940 262 967 300 o.
981 236 1043 317 4111

271 417 354 479 iussu
365 413 534 475 Quorum
543 413 575 472 iu
586 428 698 472 cornua
710 407 936 487 legionibusque
946 407 979 466 iu
994 405 1122 467 mediam
1135 406 1234 466 aciem

273 499 410 579 aperiunt
430 499 515 559 viem
551 496 667 575 primus
689 494 822 555 omnium
843 489 948 553 eonsul
969 488 1080 550 intrudit
1102 489 1233 559 bostem,

232 591 264 642 12
274 593 317 653 et,
333 600 401 643 euno
416 600 478 661 qu·
488 582 565 641 forte
580 577 704 640 eontulit
718 575 858 654 gradum,
877 573 1043 636 obtruncat
1073 574 1131 634 boo
1145 591 1234 653 speo-

272 665 370 728 taeulo
384 666 500 726 areensi
518 664 621 725 dextra
635 661 775 738 laevaque
792 668 861 722 ante
874 677 908 720 se
920 660 1045 738 quisque
1061 675 1234 719 memoran-

272 751 342 812 dum
352 748 497 829 proelium
504 749 575 809 niet:
588 754 668 808 stant
677 745 781 806 obnixi
787 744 943 813 Samnites,
955 760 1132 822 quamquam
1145 740 1235 821 plura

222 835 263 894 '13
274 835 421 914 aeeipiunt
443 851 530 913 quam
550 830 683 891 inierunt
702 828 834 890 vulnera.
868 825 1048 905 aliquamdiu
1072 828 1133 886 iam
1158 843 1235 905 pug-

272 927 375 979 natum
389 925 466 987 erat,
483 924 567 975 atrox
582 913 689 974 caedes
703 914 783 973 eirea
802 914 887 989 signa
902 911 1093 979 Samnitium,
1109 909 1181 987 luga
1195 908 1234 969 ab

273 1000 424 1063 nailladum
438 1009 522 1079 parte
536 1006 613 1059 erat:
630 995 705 1057 adeo
721 1004 817 1057 morte
837 993 900 1057 sola
915 995 993 1056 vinei
1013 993 1235 1054 destinaverant

232 1092 265 1144 14
273 1086 387 1146 animis.
418 1084 517 1163 'nuque
531 1081 671 1150 Romani,
691 1098 759 1141 eum
775 1091 805 1141 et
819 1079 913 1141 liuere
926 1081 986 1140 iam
1000 1076 1177 1139 lassitudine
1189 1078 1233 1137 vi·

273 1187 322 1229 ros
335 1170 478 1230 sentirent
499 1175 529 1227 et
545 1165 605 1226 diei
623 1163 704 1225 haud
718 1163 843 1228 miiitum
856 1180 1026 1241 superesse,
1054 1163 1175 1222 accensi
1187 1162 1233 1222 ira

233 1261 265 1313 to
274 1254 423 1314 eonoitant
432 1270 464 1313 se
478 1253 511 1312 iu
522 1252 649 1311 hostem.
675 1258 738 1309 tum
752 1250 883 1327 primum
898 1246 1007 1307 reterri
1021 1245 1129 1325 pedem
1144 1254 1234 1325 atque

273 1335 410 1398 inclinari
420 1355 486 1397 rem
498 1338 529 1396 in
540 1335 640 1412 lugam
652 1335 803 1413 apparuit:
818 1340 883 1393 tum
896 1331 976 1410 oapi,
988 1330 1084 1391 oeoidi
1098 1330 1233 1399 Samnis;

273 1420 548 1499 necmpermissent
556 1416 649 1487 multi,
665 1418 697 1477 ni
708 1416 926 1477 noxuotoriam
938 1415 1032 1492 magis
1043 1432 1132 1494 quam
1144 1432 1232 1493 proe-

233 1511 265 1562 16
274 1503 345 1565 lium
357 1503 531 1564 diremisset
554 1502 715 1562 etllomani
727 1499 895 1562 fatebantur
906 1516 1069 1578 numquam
1082 1516 1152 1558 eum
1163 1516 1233 1577 per-

275 1588 416 1648 tinaciore
433 1586 517 1647 boote
536 1585 723 1655 condictum,
737 1592 767 1644 et
777 1584 932 1653 Samnites
944 1600 1013 1643 cum
1026 1591 1232 1662 quaereretur,

275 1688 419 1749 quaenam
438 1672 533 1749 prima
553 1687 640 1730 cama
661 1677 721 1730 tam
739 1667 900 1729 obstinatos
921 1668 1060 1728 movisset
1071 1668 1104 1726 in
1122 1666 1233 1745 lugam,

235 1759 265 1811 17
274 1752 377 1815 oeulos
396 1752 452 1814 sibi
473 1754 674 1815 Romanorum
699 1752 806 1814 ardere
822 1753 898 1812 visos
918 1749 1038 1812 aiebant
1051 1768 1234 1831 vesanosque

273 1837 370 1899 vultus
384 1846 415 1898 ot
428 1837 554 1899 liuentia
568 1855 635 1906 ora3
653 1836 723 1896 inde
738 1835 808 1915 plus
822 1854 912 1916 quam
926 1854 963 1897 ex
976 1834 1033 1898 alia
1047 1834 1107 1897 ulla
1121 1853 1156 1896 re
1174 1845 1235 1896 ter·

275 1923 352 1982 roris
366 1930 472 1982 ortum.
508 1940 596 2001 mem
618 1929 765 1981 terrorem
788 1938 850 1981 nen
870 1936 987 2000 pugnae
1007 1918 1103 1981 solum
1125 1929 1235 1981 eventu

234 2010 267 2064 18
277 2005 329 2066 sod
346 2013 491 2067 noeturua
500 2005 684 2085 proiectione
699 2003 914 2065 confessisunt.
943 2012 1063 2083 postero
1074 2003 1123 2065 die
1134 2007 1234 2067 vacuis

274 2089 403 2151 hostium
417 2091 523 2151 nutris
539 2088 688 2150 Romame
709 2089 834 2167 potitur,
858 2106 916 2168 quo
938 2106 971 2150 se
990 2089 1086 2150 omnis
1108 2089 1228 2168 Campa·

276 2191 381 2236 norum
395 2172 550 2237 multitudo
564 2171 778 2252 gratulabunda
789 2171 900 2234 effudit.

248 2263 261 2315 1
334 2258 460 2321 XXXIV.
496 2259 633 2321 Ceterum
643 2256 701 2319 hoe
716 2256 856 2335 gaudium
871 2273 979 2334 magua
994 2275 1088 2335 prope
1101 2256 1189 2318 clade
1203 2260 1232 2318 io

275 2343 394 2405 Somnio
411 2343 561 2405 ioedauuu
576 2350 629 2403 est.
659 2359 729 2409 nam
747 2339 785 2402 ab
800 2338 929 2401 Saticula
951 2341 1102 2419 protentus
1120 2341 1232 2404 Corne·

274 2425 331 2488 lius
342 2426 445 2488 nomed
459 2427 621 2488 exereitum
633 2427 752 2486 incaute
761 2427 793 2486 in
808 2424 916 2486 saltum
927 2442 998 2486 cava
1008 2423 1083 2485 valle
1096 2427 1233 2504 persium

247 2512 410 2588 aeneaque
424 2512 570 2571 insessum
584 2507 621 2568 ab
636 2508 721 2570 boste
737 2508 866 2579 induxit,
887 2526 943 2570 neo
958 2510 1059 2588 prius,
1076 2528 1167 2589 quam
1187 2529 1232 2572 re·

276 2594 335 2670 cipi
350 2601 414 2653 tuto
430 2595 514 2671 u'gna
535 2609 596 2653 non
615 2600 768 2671 poteraut,
789 2594 985 2656 inminentem
1006 2595 1095 2673 capiti
1115 2595 1233 2656 hostem

249 2675 355 2737 uvidit.
377 2675 456 2737 dum
470 2675 502 2737 id
513 2694 614 2738 morae
629 2677 810 2739 Samnitibus
824 2688 883 2749 est,
898 2677 995 2759 quoad
1010 2686 1105 2739 totum
1119 2680 1153 2738 iu
1175 2677 1233 2740 val·

275 2758 334 2820 lem
345 2760 476 2821 intimam
486 2760 654 2821 demiueret
665 2780 779 2841 agmen.
789 2762 823 2829 P.
835 2762 941 2825 Decius
954 2761 1092 2824 tribunus
1105 2762 1232 2824 militum

277 2844 420 2924 eonspieit
429 2843 637 2908 uumneditum
647 2845 760 2908 insultu
769 2847 885 2918 nollem,
896 2848 1092 2908 inminentem
1101 2848 1232 2908 bostium

275 2929 397 3001 castris,
414 2929 497 2991 adim
506 2930 631 2991 arduum
643 2930 776 3009 inpedito
788 2931 914 3009 agmini,
930 2930 1074 3010 expeditis
1085 2931 1167 2992 haud
1179 2931 1231 2992 dit·

248 3011 390 3075 tdoilem.
425 3015 522 3094 itaque
545 3013 659 3075 consuli
671 3016 775 3075 territo
789 3016 880 3076 animi
893 3015 1040 3086 „videsne
1053 3025 1112 3077 tu“
1126 3017 1231 3095 inquit,

275 3100 333 3168 „b
347 3097 473 3169 Corneli,
493 3116 634 3158 oaeumen
647 3095 720 3159 illud
732 3116 821 3179 supra
831 3100 965 3161 bostemt
981 3117 1035 3162 arx
1044 3099 1095 3161 illa
1109 3109 1155 3161 est
1170 3100 1232 3180 spei
1272 3159 1275 3168 ,

275 3181 434 3264 salutisque
449 3190 582 3251 nostrae,
601 3183 627 3242 si
638 3199 719 3255 eam,
734 3184 873 3264 quoniam
888 3184 969 3244 oaeoi
984 3183 1133 3264 reliquere
1148 3184 1230 3246 Sam·

247 3268 363 3338 dnites,
376 3268 493 3348 inpigre
504 3265 645 3346 napinam.
676 3284 715 3329 ne
725 3279 758 3329 tu
773 3267 845 3329 mihi
856 3265 923 3346 plue
934 3286 1022 3346 quam
1033 3270 1122 3330 unius
1138 3266 1230 3347 legio·

275 3351 320 3409 nis
331 3352 481 3431 principes
490 3351 680 3431 hastatosque
694 3351 826 3422 dederim
842 3369 910 3412 eum
926 3350 1033 3431 quibus
1047 3351 1100 3414 ubi
1111 3369 1230 3413 evasero

275 3432 307 3491 iu
321 3449 483 3506 summum,
500 3453 592 3514 perge
606 3436 676 3497 bino
688 3439 770 3499 omui
782 3435 858 3496 liber
872 3444 954 3496 metu
971 3447 1060 3516 teque
1078 3445 1107 3498 et
1118 3437 1230 3498 exerei-

274 3523 337 3575 tum
352 3533 448 3577 serra:
466 3521 657 3598 nequeenim
672 3523 784 3582 moveri
804 3520 897 3580 hostis
921 3519 1070 3582 subiectus
1090 3520 1177 3581 nobis
1195 3518 1229 3580 ad
