2575 4067
317 204 410 245 erese
425 204 488 248 xxi.
509 202 576 246 car.
596 190 640 247 32.
657 192 698 243 33.
713 183 752 267 [a.
771 186 805 247 O.
819 184 882 267 218]
1021 191 1081 254 231

187 347 332 412 Hannibal
353 348 390 411 ab
413 349 553 412 Druentia
579 354 738 432 campestri
763 353 888 415 maxime
917 354 1023 415 itinere
1046 352 1111 415 add

124 434 204 515 Alpis
220 453 286 495 cum
304 432 382 495 bona
404 451 476 512 pace
495 434 687 496 incolentium
709 454 743 497 ea
764 434 828 495 ioca
843 436 992 498 Gallorum
1013 455 1080 517 per·

125 519 212 579 venit.
244 527 321 589 tum,
340 534 516 597 quamquam
531 518 609 579 lama
622 521 720 599 prius,
739 538 797 599 qua
812 519 924 581 incerta
938 522 969 581 in
986 522 1106 582 maiust

123 601 187 661 iere
210 601 284 661 ierri
298 599 408 670 solent,
424 609 582 681 praecepta
601 620 650 663 res
666 611 742 675 erat,
759 610 857 663 tamen
869 619 905 663 ex
914 603 1080 682 propinquo

123 686 184 746 visa
195 685 340 744 montium
354 682 477 744 altitudo
489 686 629 764 nivesque
641 685 722 747 caclo
733 703 827 766 prope
838 686 988 756 inmixtae,
1004 694 1081 746 tecta

121 768 260 829 lniormia
275 769 402 847 Inposita
417 767 554 847 rupibus,
576 787 684 849 pecora
698 771 885 849 iumentaque
902 769 1013 830 torrida
1028 769 1095 853 ssi?
1148 816 1149 821 1

121 869 210 931 gore,
241 852 376 913 homines
401 853 511 912 intonsi
535 860 564 913 et
591 853 707 924 inculti,
733 852 869 914 animalia
894 854 1080 932 inanimaque

123 935 221 994 omnia
237 935 361 1013 rigentia
375 933 458 1014 gelu,
478 942 576 997 cetera
590 937 652 998 visu
664 954 751 1017 quam
767 935 847 997 dictu
862 936 1003 1005 foediora,
1019 944 1079 997 ter-

122 1034 224 1078 rorem
247 1026 436 1080 renovarunt.
475 1019 657 1097 erigentibus
677 1022 708 1081 in
726 1021 839 1100 primos
862 1037 967 1096 agmen
989 1017 1107 1083 clivos8

122 1109 323 1179 apparuerunt
340 1101 517 1162 inmtnentes
535 1102 662 1164 tumulos
675 1103 837 1164 insidentes
852 1102 998 1173 montani,
1020 1103 1078 1182 qui

121 1184 147 1244 si
163 1181 251 1260 valles
263 1184 437 1246 occultiores
452 1184 642 1256 insedissent,
659 1187 752 1246 coorti
766 1185 802 1245 ad
817 1203 945 1266 pugnam
958 1193 1080 1265 repente

120 1268 273 1345 ingentem
295 1268 393 1346 lugam
414 1276 602 1348 stragemque
625 1267 783 1329 dedissent.
819 1267 965 1330 Hannibal
983 1269 1108 1328 consi-9

120 1358 200 1411 stere
222 1352 306 1428 signa
328 1352 426 1421 iussit;
453 1350 600 1430 Gallisque
620 1349 657 1412 ad
683 1350 784 1411 viscnd
823 1348 885 1412 loca
911 1352 1079 1431 praemissis

122 1442 276 1512 postquem
301 1435 435 1512 conperit
456 1436 610 1496 transitum
633 1452 667 1495 ea
693 1451 753 1495 non
775 1452 852 1504 esse,
879 1442 974 1495 eastra
1002 1435 1079 1496 iuter

120 1516 295 1595 confragosa
311 1518 409 1578 omnia
421 1525 638 1598 praeruptaque
654 1536 741 1596 quam
764 1518 962 1579 extentissima
983 1524 1080 1597 potest

122 1600 195 1662 eabe
209 1600 312 1663 locat.x
332 1607 394 1662 tum
416 1619 471 1680 per
491 1602 608 1663 eosdem
625 1601 737 1671 Gallos,
761 1601 839 1663 haud
863 1619 934 1663 sane
955 1601 1078 1663 multum
1090 1606 1122 1660 to

121 1682 222 1762 lingua
234 1683 423 1764 moribusque
434 1683 635 1756 abhorrentis,
656 1704 722 1747 cum
737 1703 768 1746 se
781 1687 998 1748 inmiscuissent
1009 1703 1079 1746 con·

123 1765 230 1846 loquiis
250 1776 473 1839 montanorum,
500 1761 635 1839 edoctus,
661 1769 790 1829 interdiu
811 1778 923 1830 tantum
950 1768 1080 1829 obsideri

123 1849 243 1922 saltum,
265 1859 352 1912 nocte
373 1852 404 1911 ln
426 1870 478 1912 sua
499 1870 644 1931 quemque
668 1851 756 1912 dilabi
779 1859 870 1923 tecta,
899 1852 964 1912 luce
984 1853 1079 1932 prima

122 1933 213 1994 subiit
230 1934 369 2006 tumulos,
385 1942 419 1995 ut
434 1952 468 1995 ex
484 1942 585 2013 aperto
600 1943 687 2013 atque
704 1933 832 1994 interdiu
846 1937 903 1994 rim
918 1952 973 2013 per
988 1952 1079 2013 angu-

124 2019 193 2079 stias
217 2018 356 2079 lecturus.
389 2018 436 2078 dle
459 2016 564 2078 deinde
583 2016 748 2077 simulando
770 2016 861 2088 aliud,
891 2035 978 2094 quam
1000 2015 1078 2096 quod
1091 2022 1119 2076 11

124 2100 295 2182 parabatur,
312 2109 503 2180 consumpto,
520 2120 585 2161 cum
599 2100 712 2169 codem,
728 2117 786 2178 quo
798 2100 990 2161 constiterant
1003 2099 1080 2174 loco,

125 2191 218 2246 castra
232 2186 476 2257 communissent,
492 2184 543 2246 ubi
556 2185 685 2263 prImum
700 2183 845 2261 digressos
861 2180 979 2243 tumulis
993 2199 1076 2241 mon·
1090 2188 1122 2240 12

125 2277 208 2329 tanos
221 2267 389 2348 laxatasque
411 2270 503 2330 sensit
523 2266 683 2338 custodias,
705 2265 840 2346 pluribus
860 2263 978 2343 ignibus
993 2282 1081 2343 quam

125 2368 179 2430 pro
198 2370 322 2413 numero
337 2354 519 2414 manentium
533 2351 703 2431 inspeciem
715 2349 799 2410 lactis
814 2348 1080 2428 impedimentisque

125 2453 191 2495 cum
209 2438 305 2515 equite
328 2435 439 2497 relictis
460 2443 489 2496 et
512 2453 648 2495 maxuma
669 2442 752 2513 parte
775 2432 906 2512 peditum
927 2431 989 2509 ipse
1012 2437 1122 2491 cumtt

125 2519 281 2599 expeditis,
301 2521 446 2581 acerrimo
462 2537 577 2599 quoque
597 2519 659 2578 uiro
699 2517 805 2596 raptim
820 2516 968 2594 angustias
986 2514 1081 2577 evadit

123 2603 217 2681 iisque
233 2604 302 2681 ipsis
315 2603 449 2674 tumulis,
466 2620 538 2681 quos
553 2603 653 2663 hostes
669 2608 837 2673 tenuerant,
854 2598 994 2661 consedit.

188 2683 316 2746 XXXIII.
349 2687 448 2747 Prima
464 2685 569 2746 deinde
584 2685 650 2745 luce
663 2692 759 2745 castra
774 2692 852 2746 mota
868 2692 898 2746 et
912 2701 1018 2763 agmen
1034 2691 1107 2744 re·l

125 2767 216 2827 licum
231 2768 370 2828 incedere
386 2770 491 2848 coepit.
524 2769 583 2828 iam
598 2769 730 2828 montani
744 2770 827 2846 sIgno
844 2768 911 2828 dato
929 2786 964 2827 er
980 2764 1110 2827 castel-2

126 2848 161 2908 lis
178 2847 214 2907 ad
230 2850 384 2910 stationem
403 2851 517 2912 solitam
538 2849 765 2919 conveniebant,
790 2867 856 2909 cum
872 2855 995 2927 repente
1012 2864 1082 2907 con·

126 2931 255 3009 spiciunt
275 2931 347 2990 alios
366 2950 434 2992 arce
457 2941 598 3014 occupata
619 2950 671 2993 sua
692 2949 781 3010 super
798 2938 885 3010 caput
903 2930 1081 3000 inminentis,

128 3012 200 3076 alios
215 3015 259 3073 via
274 3015 400 3075 transire
412 3016 513 3078 hostis.
547 3025 671 3095 utraque
687 3013 773 3075 simrd
793 3013 906 3074 obiecta
920 3030 968 3073 res
991 3010 1110 3073 oculisa

128 3099 292 3177 animisque
304 3096 459 3158 inmobiles
473 3117 632 3178 parumper
647 3117 697 3160 eos
714 3098 827 3166 delirit;
851 3095 957 3157 deinde
977 3104 1010 3157 ut
1023 3103 1083 3156 tre-

126 3181 308 3264 pidationem
334 3183 365 3242 in
393 3183 533 3260 angustiis
556 3199 666 3261 suoque
695 3182 790 3260 ipsum
815 3179 940 3240 tumultu
964 3179 1083 3241 misceri

126 3283 235 3345 agmen
256 3267 370 3338 videre,
399 3267 480 3347 equis
495 3265 621 3326 maxime
640 3265 846 3334 consternatis,
870 3262 1010 3343 quidquid
1033 3262 1111 3323 adt

126 3349 266 3413 iecissent
290 3352 346 3432 ipsi
373 3352 495 3413 terroris
523 3350 592 3411 satis
613 3349 649 3411 ad
669 3350 829 3429 perniciem
858 3347 922 3409 iore
942 3348 1011 3419 rati,
1041 3346 1083 3407 di·

128 3437 218 3496 uersis
234 3435 356 3517 rupibus
370 3436 450 3515 iuxta
464 3434 540 3498 invia
560 3452 594 3495 ac
610 3435 691 3495 deria
710 3433 821 3495 adsueti
837 3432 1006 3492 decurrunt.
1023 3437 1111 3492 sums
