2575 4067
275 299 369 344 men
385 301 454 346 vm.
471 301 539 345 oar.
555 288 597 342 32.
614 289 658 343 aa.
675 279 716 361 [a.
732 283 767 347 0.
782 282 844 367 oio]
990 290 1031 357 83

58 465 154 528 *posse
174 447 403 520 vociferaretur,
425 457 624 531 purgaretque
645 467 677 510 se
697 451 823 513 invicem
845 462 932 535 atquo
949 452 1027 517 ultro
1040 461 1073 514 io

75 546 232 603 accusaret,
246 539 316 593 tunc
327 532 666 614 Papiriusredintegrata
672 535 717 595 ira
725 534 845 615 spoliari
854 538 1027 618 magistrum

72 617 200 696 equitum
216 634 251 677 ac
265 617 362 696 virgas
377 623 407 679 et
421 635 541 682 secures
553 617 686 697 expediri
700 619 793 680 iussit.
819 619 927 683 Fabius
938 621 1025 683 iidem
1040 629 1070 682 11

69 699 192 762 militum
204 698 356 780 inplorans
366 700 679 764 lacerantibusrestem
693 701 844 765 lictoribus
860 703 897 765 ad
913 706 1030 767 triarios

69 783 226 846 mmultum
251 784 318 846 iaui'
341 781 386 865 [in
417 784 599 867 condonem]
628 786 786 848 miscentes
812 804 877 850 sese
905 790 1028 869 recepit.

66 868 133 930 inde
148 865 304 929 clamoriri
314 875 405 930 totam
419 871 587 932 contionem
604 877 650 931 est
663 870 807 951 perlatus:
825 870 895 933 aiibi
914 890 1026 951 preces,
1040 881 1072 931 12

68 952 136 1015 alibi
151 953 251 1012 minae
265 950 475 1019 andlebantun
490 955 541 1035 qui
555 955 683 1034 proximi
699 954 777 1017 forte
788 954 928 1017 trihunali
939 962 1029 1017 stete·

66 1044 149 1106 rant,
174 1036 244 1115 quia
260 1034 385 1097 subiecti
409 1035 502 1100 oculis
523 1039 711 1118 imperatoris
724 1041 864 1101 noscitari
880 1047 1027 1121 poterant,

65 1119 200 1190 orabant,
216 1127 249 1180 ut
263 1129 400 1199 parceret
416 1123 558 1202 magistro
575 1124 715 1203 equitum,
731 1141 788 1184 neu
805 1142 873 1185 cum
891 1142 926 1185 eo
941 1142 1027 1185 exer·

65 1207 160 1266 citum
176 1202 345 1274 damnarem
369 1213 501 1268 extrema
516 1207 614 1268 contIo
630 1214 660 1267 et
679 1207 759 1268 clrca
777 1207 901 1289 Fabium
922 1206 1071 1286 globosis

65 1285 266 1367 increpabant
279 1286 488 1351 inclementem
502 1289 749 1353 dictatoremnee
764 1290 870 1370 procul
884 1290 1028 1353 seditione

64 1370 202 1434 aberant.
238 1389 276 1432 ns
297 1371 426 1434 tribunal
446 1374 564 1455 quidem
587 1375 659 1436 satis
679 1376 810 1456 quietum
830 1385 903 1437 erat
939 1374 1028 1454 legati
1037 1381 1071 1434 tt

65 1458 296 1518 circumstantes
315 1454 418 1519 sellam
442 1457 582 1530 orabant,
605 1466 639 1520 ut
658 1476 724 1521 rem
737 1460 769 1520 in
782 1469 934 1539 posterum
951 1457 1028 1521 diem

67 1541 220 1608 differret,
239 1545 269 1601 ct
283 1541 345 1601 Irae
366 1558 438 1603 suae
450 1544 578 1623 spetlum
596 1551 626 1605 et
643 1542 766 1605 consilio
791 1553 906 1625 tempus
928 1542 1026 1605 daret:

64 1625 140 1688 satis
152 1623 322 1702 castigatam
333 1623 561 1688 adtdescentIam
567 1625 651 1689 Fabii
664 1646 737 1698 esse,
750 1629 819 1690 sads
832 1628 1025 1690 deformatam
1039 1633 1070 1686 lo

63 1709 238 1777 victoriam
253 1724 291 1769 nc
306 1707 343 1769 ad
360 1717 524 1772 extremum
538 1710 628 1772 duem
642 1710 778 1794 supplicii
795 1713 946 1783 tenderet,
969 1729 1028 1773 neu

64 1792 282 1863 unicolorem,
304 1810 363 1855 neu
380 1796 458 1875 patri
476 1796 540 1856 elus
560 1793 723 1858 clarissimo
738 1798 817 1867 viro,
844 1814 903 1858 neu
918 1795 1027 1858 FabIae

64 1877 151 1957 genti
165 1892 231 1937 eam
246 1876 413 1956 iniungeret
432 1878 633 1957 ignominiam.
667 1898 733 1942 cum
753 1899 857 1962 parum
876 1878 1024 1959 precibus,
1038 1885 1070 1939 lo

64 1979 174 2042 parum
200 1977 287 2021 causa
308 1962 502 2040 proficerent,
525 1962 634 2025 Intueri
660 1966 837 2026 saevientem
858 1966 1026 2025 contionem

64 2043 226 2107 iubebant:
257 2044 297 2105 ita
319 2045 445 2106 inritatis
467 2044 592 2108 mllltum
607 2048 714 2108 animis
736 2047 864 2109 subdere
878 2049 978 2126 ignem
992 2064 1027 2107 ac

65 2127 225 2192 materiam
237 2127 375 2191 seditioni
388 2146 449 2189 non
463 2146 528 2190 esse
542 2131 661 2199 aetatis,
681 2147 742 2190 non
761 2130 936 2210 prudentiae
953 2130 1025 2191 elus.

66 2214 221 2276 neminem
232 2210 264 2272 id
275 2211 309 2284 Q.
321 2211 413 2274 Fabio
426 2229 553 2293 poenam
565 2211 736 2292 deprecanti
743 2230 827 2274 suam
837 2215 907 2273 vitto
921 2229 1022 2272 remu·
1036 2220 1068 2270 1⁷

67 2315 147 2369 rum,
161 2295 215 2357 sed
228 2294 372 2367 dictatori,
387 2298 413 2358 si
424 2304 595 2358 occaecatus
606 2297 651 2357 Ira
661 2295 798 2358 infestam
809 2294 1027 2357 multitudinem

66 2383 100 2443 in
114 2398 148 2443 so
162 2396 253 2461 pravo
270 2382 430 2442 certamine
443 2382 590 2447 movisset
621 2388 786 2460 postremo,
811 2397 849 2440 ne
867 2377 897 2439 id
911 2394 943 2439 se
958 2384 1068 2456 gra-18

71 2467 130 2527 tiae
146 2464 219 2526 dare
235 2464 269 2536 0.
283 2463 365 2526 Fabii
381 2466 530 2537 erederet,
546 2483 578 2527 se
591 2466 636 2527 ius
652 2464 809 2527 iurandum
823 2463 894 2525 dare
907 2469 1026 2544 paratos

70 2567 134 2610 esse
149 2566 211 2610 non
222 2548 342 2610 viderie
356 2567 390 2610 ro
404 2549 521 2629 publlca
534 2552 566 2611 ln
577 2549 612 2622 Ο.
627 2547 751 2611 Fabium
766 2566 801 2610 oo
815 2557 948 2629 tempore
963 2547 1025 2607 ani·

69 2633 224 2694 madverti.
266 2632 394 2695 XXXIII.
426 2634 478 2696 llis
492 2633 612 2696 vocibus
626 2652 694 2695 cum
714 2635 746 2694 in
762 2652 795 2695 se
811 2634 905 2712 magis
922 2632 1052 2693 incita-1

69 2727 139 2778 rent
159 2715 334 2778 dictatorem
351 2735 438 2798 quam
458 2719 599 2798 maglstro
620 2719 751 2798 equitum
770 2718 937 2798 placarent,
952 2717 1024 2778 Iussi

70 2801 108 2862 de
123 2798 265 2862 tribunali
281 2801 460 2864 demendoro
476 2800 581 2881 legati;
599 2810 629 2864 et
646 2801 762 2864 sllentio
779 2803 956 2883 nequiquam
971 2809 1053 2880 per2

70 2901 250 2965 praeconem
272 2891 424 2966 temptato,
450 2904 517 2948 cum
537 2904 609 2968 prae
629 2886 753 2966 strepitu
771 2905 805 2947 ac
824 2883 950 2948 tumtdtu
969 2899 1025 2942 nec

69 2968 164 3049 ipsius
179 2967 329 3030 dictatorIs
342 2986 398 3031 nec
414 2973 615 3050 apparitorum
629 2971 692 3030 eius
708 2987 763 3030 ros
785 2967 949 3035 eudlretur,
966 2981 1025 3024 nox

69 3051 195 3116 velutin
213 3051 326 3132 proelio
342 3055 495 3115 certamini
508 3056 597 3117 dnom
613 3054 692 3114 tecit

134 3136 274 3215 blagister
284 3138 414 3217 equitum
425 3138 521 3200 iussus
530 3146 651 3218 postero
662 3137 709 3198 die
720 3134 831 3204 adesse,
845 3150 912 3194 cnm
923 3138 1052 3192 omnest

70 3220 263 3283 adfirmarent
275 3220 410 3282 iniostlus
423 3220 573 3300 PapIrIum
591 3237 777 3289 exarsurum,
799 3218 939 3297 agitatum
953 3231 1024 3275 con·

70 3305 203 3366 tentione
213 3305 277 3383 ipsa
288 3301 559 3384 exacerbatumque‚
573 3302 649 3364 clam
660 3321 695 3363 cx
706 3302 809 3364 casuis
820 3302 943 3363 Romam
953 3314 1023 3378 pro·

69 3388 161 3469 iugit;
188 3395 218 3449 et
240 3396 325 3470 patre
349 3395 469 3450 auctore
491 3387 529 3450 bl.
553 3385 660 3457 Fabio,
693 3387 814 3466 quitor
841 3386 900 3445 iam
922 3380 1052 3444 consult

71 3472 256 3552 dictatorque
275 3472 385 3544 iuerat,
408 3478 510 3533 vocato
530 3470 677 3550 extemplo
690 3477 793 3531 senatu
810 3486 878 3531 cum
898 3467 1024 3529 maxime

71 3564 304 3637 conquereretur
319 3555 396 3637 apud
414 3564 514 3637 patres
534 3557 592 3617 rim
612 3563 700 3637 atque
714 3554 850 3678 inlurmm
864 3552 1022 3623 dictatoris,
