2575 4067
244 247 306 310 234
419 260 513 303 braun
529 260 593 303 xxr.
610 259 677 302 cea.
693 246 737 301 35.
754 246 798 300 36.
814 236 854 319 [e.
870 261 900 300 u.
917 260 943 301 c.
959 236 1022 320 aad]

243 408 448 488 subiectosque
478 406 591 487 Alpinis
623 405 772 468 montibus
799 404 1042 485 circumpadanos
1072 420 1215 482 campos,

212 492 417 571 omoeniaque
441 501 572 554 costum
594 489 804 553 transcendere
824 507 885 550 uon
905 487 1004 550 ltaliae
1025 485 1131 556 modo,
1153 486 1209 548 sed

244 577 332 637 etiam
347 575 430 637 urbis
445 576 609 644 Romanam
633 582 732 635 cetera
758 573 859 653 plana,
881 571 1020 652 proclivia
1040 570 1121 640 lore,
1144 587 1208 630 uno

245 668 294 722 aut
305 677 453 721 summum
467 657 560 720 altero
573 656 687 738 proelio
701 675 800 718 arcem
811 664 841 718 et
852 664 939 736 caput
953 653 1052 717 ltaliae
1067 654 1099 713 iu
1114 672 1209 715 mauu

244 761 279 803 ac
292 750 436 822 potestate
450 742 611 804 babituros.

204 834 236 888 to
309 826 475 888 Procedere
495 825 564 887 inde
584 842 691 904 agmen
706 826 818 904 coepit,
843 825 903 886 iam
922 822 995 884 nibil
1016 841 1055 885 ue
1069 821 1208 884 hostibus

239 909 363 990 quidem
378 917 495 989 praeter
509 927 598 988 parra
613 909 690 969 iurta
705 926 760 987 per
782 910 966 970 occasionem
981 905 1206 987 temptantibus.

205 1001 234 1054 li
248 1003 379 1055 ceterum
391 995 448 1053 iter
459 992 561 1063 multo,
577 1010 665 1072 quam
676 994 707 1052 in
719 1010 842 1053 ascensu
857 992 954 1053 luerat
964 1024 1006 1034 -
1019 998 1053 1052 ut
1062 989 1206 1069 pleraque

245 1076 361 1157 Alpium
372 1076 409 1137 ab
423 1075 506 1137 ltalia
517 1077 593 1137 sicut
603 1075 738 1136 breviora
752 1076 792 1136 ita
804 1075 965 1136 arrectiora
980 1082 1049 1136 suut
1060 1107 1111 1144 -‚
1128 1073 1206 1133 diiii·

205 1168 235 1221 12
248 1160 331 1223 cilius
348 1159 412 1221 luit.
445 1161 541 1221 omnis
560 1160 639 1220 enim
660 1158 754 1220 ferme
774 1159 820 1219 ria
833 1176 991 1239 praeceps,
1012 1164 1144 1237 augusta,
1161 1156 1206 1217 lu·

246 1244 328 1306 brice
341 1250 413 1315 erat,
428 1249 461 1304 ut
475 1261 570 1324 neque
585 1243 732 1304 sustinere
746 1261 778 1304 se
795 1261 812 1304 a
827 1241 912 1322 lapsu
925 1249 1055 1322 possent,
1072 1258 1138 1311 nec,
1155 1241 1207 1320 qui

246 1327 366 1408 paulum
382 1326 574 1398 titubassent,
596 1327 722 1387 haerere
737 1325 847 1387 addicti
867 1327 989 1404 vestigio
1005 1344 1073 1396 suo,
1096 1323 1207 1403 aliique

221 1420 233 1470 l
248 1428 337 1491 super
344 1409 416 1472 alios
424 1418 453 1471 et
461 1412 592 1472 iumenta
600 1410 771 1472 inhomiues
782 1409 961 1472 occiderent.
985 1408 1111 1471 XXXVI.
1127 1408 1206 1469 Verr-

247 1502 309 1556 tnm
325 1492 431 1554 deiude
444 1493 480 1554 ad
496 1493 587 1554 multo
605 1494 804 1570 angustiorem
819 1511 938 1573 rupem,
956 1500 1044 1572 atque
1060 1493 1100 1554 ite
1116 1494 1207 1551 rectis

247 1579 342 1646 saxis,
360 1582 393 1636 ut
406 1593 494 1654 aegre
508 1576 661 1655 expeditus
672 1576 757 1637 miles
771 1575 1000 1656 temptabundus
1011 1574 1207 1654 manibusque

248 1661 379 1720 retinens
390 1658 513 1736 virgulta
527 1677 561 1719 ac
575 1661 682 1740 stirpes
694 1662 771 1721 circa
790 1661 953 1721 eminentes
971 1659 1126 1721 demittere
1140 1674 1206 1719 sese

220 1748 356 1822 tposset.
382 1748 486 1802 natura
499 1740 581 1803 locus
591 1743 724 1803 iamaute
735 1761 877 1823 praeceps
892 1744 1005 1803 recenti
1018 1741 1206 1823 lapsuterrac

219 1827 277 1889 ein
292 1823 401 1903 pedum
416 1823 496 1885 mille
519 1825 677 1887 admodum
699 1826 882 1888 altitudinem
900 1825 1043 1906 abruptus
1062 1832 1133 1887 crat.
1165 1823 1208 1884 ibi

250 1926 316 1969 cum
327 1906 405 1969 velut
415 1907 450 1970 ad
465 1909 555 1971 duem
565 1909 627 1971 riae
640 1912 752 1990 equites
767 1911 980 1981 constitissent,
995 1909 1116 1970 miranti
1126 1908 1207 1969 Hau·

250 1989 348 2063 uibali,
361 2009 434 2072 quae
445 2010 494 2055 res
504 2000 673 2056 moraretur
688 2010 802 2073 agmen,
820 1994 971 2055 nuntietur
981 2011 1087 2074 rupem
1098 1993 1207 2053 inviam

221 2086 324 2138 ⁴lesse.
365 2075 513 2155 digressus
534 2076 641 2139 delude
663 2079 727 2156 ipse
748 2077 784 2139 ad
803 2075 900 2138 locum
921 2075 1084 2139 visendum.
1128 2074 1207 2137 haud

251 2160 339 2224 dubia
354 2178 403 2222 res
416 2162 489 2232 risa,
508 2162 579 2240 quin
594 2162 741 2240 periuria
756 2162 835 2222 circa
847 2178 902 2223 nec
918 2162 987 2221 trita
1002 2169 1088 2222 antea
1105 2178 1206 2240 quam·

222 2246 293 2309 ovis
313 2243 402 2323 longo
420 2244 531 2306 ambitu
551 2244 787 2305 circumduceret
813 2261 928 2323 agmen.
958 2262 992 2306 ea
1007 2262 1078 2306 vero
1102 2245 1148 2304 via
1163 2245 1208 2303 in·

248 2326 423 2408 superabilis
437 2328 505 2389 luit:
526 2346 593 2389 nam
611 2346 679 2389 cum
704 2345 793 2409 super
812 2335 940 2389 ueterem
956 2330 1053 2389 nivem
1070 2330 1207 2389 intactam

251 2428 325 2472 nora
337 2410 736 2483 modicaealtitudiuisesset,
751 2410 831 2473 molli
841 2430 897 2473 uec
907 2412 1054 2492 praealtae
1061 2410 1145 2473 facile
1155 2429 1207 2491 pe·

222 2494 302 2555 odes
311 2493 537 2572 ingredientium
551 2494 737 2567 insistebant;
752 2503 786 2557 ut
797 2514 865 2557 vero
876 2503 920 2557 tot
931 2494 1083 2558 hominum
1093 2497 1207 2557 iumen·

251 2583 407 2655 torumque
428 2577 543 2639 incessu
565 2577 676 2658 dilapsa
697 2589 755 2651 est,
780 2598 834 2660 per
856 2579 966 2642 nudam
982 2580 1058 2640 inira
1081 2577 1208 2656 glaciem

223 2656 447 2738 aduentemque
462 2660 558 2721 tabem
573 2660 762 2740 liquescentis
777 2665 851 2724 nivis
866 2662 1112 2742 ingrediebantur.
1142 2668 1207 2720 tae·

251 2747 297 2802 tra
312 2739 354 2801 ibi
368 2739 487 2802 luctatio
504 2750 567 2805 erat
580 2745 626 2805 ria
637 2742 751 2809 lubrica
765 2746 857 2825 glacie
873 2764 933 2807 nou
945 2746 1100 2825 recipiente
1114 2744 1199 2804 vesti·

251 2825 330 2905 gium
346 2832 376 2886 et
389 2826 420 2886 iu
435 2844 530 2906 prono
545 2828 630 2890 citius
642 2829 733 2908 pedes
745 2829 879 2903 ialleute,
895 2837 941 2900 ut,
957 2849 1010 2891 seu
1020 2826 1154 2890 manibus
1172 2828 1206 2888 in

251 2908 436 2989 adsurgendo
463 2929 517 2973 seu
537 2930 615 2992 genu
641 2931 673 2974 se
701 2913 891 2986 adiuvissent,
924 2914 996 2994 ipsis
1022 2910 1207 2974 adminiculis

235 2993 395 3074 'prolapsis
412 2996 520 3057 iterum
542 3005 730 3066 corruerent;
751 3015 807 3057 nec
820 2999 928 3077 stirpes
946 2999 1025 3060 eirca
1046 2995 1206 3065 radicesue,

252 3078 288 3139 ad
303 3096 374 3157 quas
388 3077 464 3157 pede
479 3087 528 3140 aut
542 3097 632 3141 mauu
648 3082 799 3160 qnisquam
819 3082 890 3141 eniti
910 3089 1023 3162 posset,
1049 3088 1150 3141 eraut:
1166 3082 1206 3140 ita

224 3162 280 3223 siu
292 3161 349 3223 levi
360 3161 574 3242 tantumglacie
587 3162 744 3244 tabidaque
756 3165 821 3225 nive
833 3164 1049 3227 volutabantur.
1076 3165 1207 3225 iumenta

250 3244 389 3307 secabant
412 3246 561 3308 interdum
587 3247 673 3310 etiarn
699 3246 827 3330 [tamen]
853 3250 983 3310 intimam
1011 3247 1207 3327 ingredientia

250 3330 365 3399 uicem,
386 3337 415 3391 et
428 3329 564 3411 prolapsa
579 3330 720 3392 iactandis
730 3334 846 3410 gravius
867 3334 899 3394 lu
914 3331 1072 3393 conitendo
1089 3331 1208 3410 ungulis

251 3413 367 3490 penitus
377 3413 613 3493 perfringebaut,
628 3423 661 3475 ut
672 3413 812 3496 pleraque
827 3415 905 3477 velut
918 3415 1021 3497 pedica
1037 3423 1122 3496 capta
1136 3415 1206 3476 bae·

251 3502 352 3553 serent
367 3495 397 3554 iu
416 3495 487 3557 dura
508 3505 537 3558 et
553 3497 609 3559 alte
622 3507 758 3559 concreta
776 3497 878 3577 glacie.
