2575 4067
285 222 378 265 umen
389 223 458 265 v111.
476 223 545 266 ose.
563 209 603 265 19.
618 202 658 285 [a.
672 206 706 267 O.
721 211 782 268 aet.
797 205 860 285 330]
1011 211 1053 276 69

87 383 121 435 ut
140 390 246 433 eorum
263 369 441 451 populorum
468 370 577 432 limbus
596 372 655 432 rim
683 370 879 444 abstinerent3
906 373 1051 456 valuitque

86 476 120 520 ea
136 455 262 536 legatio,
279 472 339 516 non
352 461 415 516 tam
431 455 498 535 quta
512 473 616 534 pacem
632 454 771 517 volebant
786 456 947 531 Samnites,
964 478 1052 540 quam

85 543 155 623 quia
172 539 305 601 nondum
319 539 414 620 parati
430 546 515 600 eraut
529 539 565 600 ad
582 537 702 600 bellum.

147 623 262 709 Eodem
290 641 368 684 anno
391 622 548 684 Privernas
576 622 687 685 bellum
715 625 837 696 initum,
871 628 953 687 cuius
981 630 1084 689 sociis

84 708 237 778 Fundani,
259 707 319 769 dux
333 708 422 768 etiam
442 706 498 768 fuit
512 707 672 769 Fundanus
687 706 838 771 Vitrubius
860 707 985 781 Vaccus,
1008 712 1051 774 vir

83 811 147 855 non
170 791 251 853 domi
272 790 382 863 solum,
403 790 559 853 sedetiam
579 791 692 853 Romae
717 791 824 855 clarus.
858 793 945 854 aedes
967 795 1052 855 fuere

83 878 116 938 in
135 874 249 938 Palatio
266 876 344 946 eius,
361 892 436 955 quae
452 875 538 937 Vacci
553 882 639 954 prata
658 876 755 939 diruto
771 876 904 939 aedificio
920 876 1051 957 publica·

82 968 177 1040 toque
192 958 257 1021 solo
271 957 425 1039 appellata.
461 958 601 1021 adversus
615 960 695 1020 hunc
710 969 872 1024 vastantem
890 961 981 1023 effuse
997 963 1050 1024 Se·
1065 971 1082 1023 u

82 1047 182 1107 tinum
197 1042 428 1123 Norbanumque
445 1050 475 1103 ct
496 1043 644 1105 Coranum
664 1062 767 1124 agrum
783 1046 815 1107 L.
833 1046 967 1125 Papirius
982 1062 1050 1125 pro·

81 1129 183 1191 iectus
200 1125 280 1189 haud
295 1126 399 1207 procul
416 1128 521 1188 castris
538 1128 600 1189 eius
617 1127 759 1190 consedit.
794 1128 926 1190 Vitrubio
949 1147 1004 1190 neo
1019 1136 1083 1191 uto

83 1211 161 1273 vallo
177 1230 210 1273 se
224 1219 340 1272 teneret
355 1208 494 1272 adversus
508 1209 681 1274 validiorem
696 1212 812 1275 hostem
827 1230 898 1274 sana
914 1220 1050 1275 constare

82 1313 186 1366 mens,
214 1312 270 1355 nec
290 1302 324 1355 nt
345 1293 462 1373 longius
483 1298 619 1358 acastris
642 1297 797 1358 dimicaret
811 1298 927 1358 animus
941 1296 1050 1377 subpe-

83 1388 159 1443 tere.
199 1380 247 1439 vix
275 1385 335 1440 tota
363 1385 444 1440 extra
468 1387 585 1460 portam
616 1386 781 1443 castrorum
809 1378 952 1461 explicata
977 1382 1080 1453 acies

82 1464 186 1543 Fugam
202 1462 296 1542 magis
317 1470 398 1524 retro
420 1481 508 1542 quam
530 1464 677 1544 proelium
693 1474 744 1526 aut
764 1465 881 1528 hostem
898 1470 1050 1545 spectante

80 1546 195 1616 milite,
219 1546 284 1608 sine
304 1545 443 1617 consilio,
466 1548 530 1609 sine
551 1549 673 1610 audacia
695 1549 854 1628 depugnat.
890 1557 972 1611 utet
994 1548 1082 1610 levit

82 1637 240 1693 momento
256 1648 311 1691 nec
329 1628 466 1709 ambigue
493 1640 537 1693 est
556 1634 664 1703 victus,
686 1636 727 1695 ita
741 1632 885 1695 brevitate
907 1634 970 1714 ipsa
993 1633 1051 1695 loci

82 1714 224 1794 tacitique
239 1721 363 1795 receptu
379 1715 411 1775 in
427 1724 486 1777 tam
500 1718 666 1798 propinqua
681 1726 776 1780 castra
793 1718 871 1779 haud
886 1734 975 1796 aegre
995 1718 1048 1779 mi·

83 1798 168 1859 litem
182 1816 199 1857 a
213 1796 305 1860 multa
321 1798 411 1860 caede
423 1807 468 1862 est
481 1807 606 1872 tutatum
625 1819 680 1863 nec
694 1802 758 1864 tere
774 1804 928 1881 quisquam
939 1801 970 1861 in
986 1804 1049 1881 ipso
1063 1809 1081 1860 9

83 1882 265 1952 certamine,
287 1884 374 1962 pauci
390 1884 421 1943 in
442 1882 528 1947 turba
549 1885 635 1965 fugae
651 1894 800 1947 extremae
822 1904 891 1946 cum
905 1885 937 1945 in
953 1894 1049 1947 castra

87 1972 210 2027 ruerem
225 1967 320 2035 cacsi3
335 1968 497 2047 primisque
513 1969 643 2031 tenebris
656 1969 832 2031 Privernum
843 1968 912 2029 inde
923 1971 1050 2049 petitum

83 2050 205 2128 agmine
220 2050 351 2129 trepido,
368 2060 402 2113 ut
417 2053 511 2113 murts
524 2056 623 2133 potius
640 2070 728 2132 quam
743 2051 818 2114 vello
836 2070 901 2113 sese
916 2059 1048 2114 tutaren-

83 2141 144 2195 tur.
177 2150 193 2192 a
212 2133 354 2195 Priverno
369 2132 500 2196 Plautius
522 2135 597 2196 alter
619 2135 723 2197 consul
744 2136 918 2215 pervastatis
940 2138 1048 2213 passim

84 2217 167 2296 agris
186 2216 354 2298 praedaque
381 2218 484 2279 abacta
511 2219 543 2279 in
565 2237 669 2297 agrum
691 2218 866 2280 Fundanum
888 2220 1050 2280 exercitum

84 2299 209 2361 inducit.
239 2293 418 2380 ingredienti
439 2303 514 2365 dnos
533 2309 653 2364 senatus
667 2302 878 2365 Fundanorum
899 2303 1044 2371 occurrit;
1059 2309 1091 2360 10

86 2390 210 2462 negant,
234 2402 266 2446 se
281 2403 337 2465 pro
352 2385 485 2448 Vitrubio
503 2394 672 2467 sectamque
693 2388 756 2449 eius
771 2386 878 2447 secutis
896 2392 1049 2464 precatum

86 2468 214 2539 venisse,
245 2469 296 2530 sed
319 2487 375 2550 pro
396 2469 539 2533 Fundano
560 2470 685 2550 populo,
714 2489 803 2552 quem
827 2478 910 2531 extra
932 2467 1048 2549 culpam

84 2550 158 2612 belli
179 2569 243 2614 esse
263 2553 360 2632 ipsum
379 2554 545 2617 Vitrubium
559 2554 717 2628 iudicasse,
741 2573 809 2617 cum
827 2553 1047 2635 receptaculum

84 2636 173 2714 fugae
187 2635 361 2697 Privernum
376 2637 526 2710 habuerit,
542 2657 602 2700 non
615 2642 742 2720 patriam
755 2639 884 2701 Fundos.
913 2638 1048 2700 Priverni
1059 2645 1089 2696 11

85 2721 177 2798 igitur
194 2719 292 2781 hostes
309 2721 412 2803 populi
428 2721 552 2785 Romani
570 2725 755 2803 quaerendos
768 2724 1048 2806 persequendosque

85 2821 165 2873 esse,
182 2805 233 2882 qui
247 2803 334 2866 simul
350 2824 366 2867 a
384 2806 533 2867 Fundanis
548 2825 583 2867 ac
596 2808 752 2879 Romanis,
767 2810 921 2886 utriusque
936 2809 1048 2888 patriae

85 2890 280 2959 inmemores,
305 2888 482 2961 defecerint;
505 2889 655 2952 Fundanis
676 2910 780 2971 pacem
803 2909 868 2952 esse
891 2901 921 2951 et
935 2892 1049 2952 animos

84 2971 235 3032 Romanos
256 2980 285 3033 et
309 2981 424 3049 gratam
443 2976 618 3036 memoriam
633 2984 772 3055 acceptae
792 2974 925 3035 civitatis.
963 2989 1049 3032 oraro
1059 2981 1091 3031 12

83 3073 116 3116 se
133 3053 299 3126 consulem,
311 3064 344 3117 ut
359 3056 470 3119 bellum
484 3057 521 3120 ab
533 3060 653 3120 innoxio
664 3057 774 3140 populo
786 3057 944 3119 abstineat:
963 3071 1049 3134 agros

84 3138 193 3201 urbem
210 3157 336 3219 eorpora
360 3142 492 3221 ipsorum
514 3144 732 3224 coniugumque
751 3161 786 3204 ac
800 3140 964 3202 liberorum
981 3155 1048 3200 suo·

84 3241 151 3284 rum
167 3225 198 3283 in
219 3232 364 3304 potestate
383 3224 485 3305 populi
499 3224 625 3288 Romani
647 3246 711 3288 esse
729 3227 894 3305 futuraque.
930 3222 1049 3284 conlau·
1060 3231 1092 3284 tt

85 3306 161 3368 datis
177 3307 328 3370 Fundanis
345 3308 449 3371 consul
462 3308 627 3389 litterisque
647 3311 770 3372 Romam
791 3309 887 3369 missis
906 3310 937 3370 in
953 3308 1049 3368 officio

84 3390 245 3453 Fundanos
261 3411 325 3455 esse
336 3392 374 3455 ad
385 3394 561 3455 Privernum
575 3392 658 3454 flexit
672 3396 738 3455 iter.
769 3394 852 3474 prius
867 3392 1049 3454 animadver-

86 3491 151 3537 sum
174 3477 206 3537 in
223 3494 288 3547 eos,
312 3480 363 3558 qui
384 3479 479 3548 capita
500 3477 711 3540 coniurationis
730 3478 864 3548 sueram,
888 3496 905 3540 a
928 3477 1049 3544 conside
