2575 4067
313 214 526 260 manmena.
543 200 567 252 1·
579 201 605 252 2.
623 192 663 275 [e.
671 193 846 277 0.80³.l⁰²]
1002 198 1064 263 ias

88 364 217 427 colomis
230 361 390 443 pelluutm.
412 370 545 424 ceterum
555 368 669 423 tantum
676 360 787 423 Romae
797 369 944 422 terrorem
954 358 1093 434 locaret

87 450 166 528 quia
199 448 246 508 rix
270 444 412 508 credibile
432 453 498 508 erat
522 453 582 508 nm
605 444 728 507 adiectis
746 443 838 505 rebus
860 442 939 505 solos
961 462 1016 524 per
1031 464 1064 508 se

84 535 220 611 Aequos
232 530 269 592 ad
283 528 395 591 bellum
408 538 542 599 coortos,
557 536 590 591 ut
600 528 743 591 tumultus
758 528 822 590 elus
837 544 925 589 cauas
938 525 1064 590 dictator

85 614 254 675 diceretur
269 613 302 675 G.
323 612 423 675 lunius
439 611 599 675 Bnnbulcus.
642 629 710 674 cum
724 611 763 673 11.
787 611 898 673 'l'ltlulo
922 611 1091 690 magistros

84 699 236 777 equitum
259 695 411 775 prosectis
429 698 525 777 primo
552 712 714 775 conmessu
731 696 847 775 Aequos
869 691 1000 773 mbessit.
1030 712 1064 757 ac

82 781 139 842 die
174 787 280 841 octavo
303 780 489 861 triumphans
512 780 543 841 in
567 779 674 842 urbem
696 796 764 840 cum
791 777 930 847 rmlasd,
960 776 1063 840 aedem

80 863 233 1009 ffiutish
246 881 334 943 11111
348 862 599 934 consultorem,
622 879 729 925 censor
755 860 917 933 locaverat,
938 861 1064 923 dictator

153 948 204 1008 ica
234 955 255 1008 t.

160 1030 202 1092 11.
235 1029 347 1092 Eodem
371 1046 449 1090 anuo
472 1028 574 1093 classis
595 1032 776 1094 Graecorum
804 1028 962 1109 Cleonymo
990 1028 1091 1090 ducet

84 1113 338 1179 Lacedaemonio
352 1111 390 1175 ad
403 1111 504 1176 ltaliae
524 1112 612 1176 litora
631 1112 753 1195 adpulsa
768 1112 894 1174 Thurias
910 1110 1016 1175 urbem
1030 1113 1062 1173 ln

82 1196 273 1259 Sallentinis
293 1198 381 1277 cepit.
417 1196 556 1260 adversus
576 1198 656 1260 huuc
670 1199 786 1258 hostem
806 1195 910 1258 consul
923 1193 1091 1259 Aemiliusa

84 1283 209 1342 missus
226 1279 340 1360 proelio
361 1298 421 1342 nno
439 1280 572 1360 iugatum
592 1279 725 1360 conpulit
744 1282 776 1340 ln
796 1297 894 1341 nares.
934 1279 1063 1341 Thuriae

85 1363 236 1426 redditae
255 1366 347 1425 reteri
370 1362 476 1425 minu
497 1363 717 1445 Sallentinoque
732 1380 805 1442 agro
817 1381 876 1444 pax
890 1371 984 1444 parta
1014 1362 1091 1425 lut

49 1518 51 1522 .
86 1450 185 1514 nium
199 1447 364 1510 Bubulcum
380 1447 554 1510 dictatercm
567 1450 690 1511 missum
706 1450 737 1510 iu
752 1446 930 1512 Sallentinos
946 1448 978 1510 ln
997 1447 1062 1527 qul·

86 1537 226 1598 busdam
241 1532 397 1595 annalibus
407 1535 534 1603 invenio,
551 1543 581 1595 et
591 1533 791 1613 Cleonymum,
806 1535 981 1615 priusquam
992 1551 1063 1595 con·

86 1618 264 1699 iligendnm
279 1624 358 1678 esset
377 1634 445 1678 cum
460 1616 610 1687 Romanis,
633 1615 716 1678 ltalia
732 1620 904 1681 excessisse.
934 1619 1092 1680 circum-t

88 1711 203 1767 vectus
216 1700 289 1763 inde
303 1699 455 1762 Brundisii
475 1701 715 1777 promunturium
737 1703 895 1783 medioque
917 1704 984 1764 sinu
1002 1700 1063 1764 lla·

90 1787 226 1849 driatlco
240 1785 335 1845 ventis
356 1783 441 1853 latus,
461 1801 529 1845 cum
552 1785 633 1845 laeva
654 1786 826 1865 inportuosa
845 1785 945 1847 ltaliae
962 1784 1060 1855 litora,

88 1869 202 1932 dextra
217 1868 309 1950 illyrii
326 1870 509 1952 Liburnique
523 1881 553 1935 ct
569 1874 676 1943 lllstrl,
692 1881 795 1952 gentes
809 1875 890 1937 israe
906 1882 937 1937 ct
952 1892 1059 1953 magna

89 1953 1059 2120 23tittlitttlstltiltttuttttf’dlii
1068 2046 1085 2096 ὁ

90 2121 305 2201 explorarent,
333 2141 401 2185 cum
424 2123 554 2185 audisset
572 2132 661 2185 tenue
682 2130 870 2202 praetentum
890 2120 961 2183 litus
983 2141 1057 2193 esse,

91 2204 178 2286 quod
199 2208 391 2285 tramgressls
414 2215 517 2285 stagna
538 2205 575 2269 ab
600 2214 685 2286 tergo
708 2205 767 2267 sint
789 2206 905 2283 inrigua
930 2204 1058 2265 aestibus

93 2289 268 2361 maritimis,
292 2308 379 2368 agros
393 2290 473 2352 haud
487 2289 591 2370 procul
605 2291 757 2371 proximos
776 2289 950 2369 campestris
964 2288 1056 2358 cerni,

91 2370 239 2435 ulteriora
254 2372 337 2435 collis
350 2374 444 2436 rideri
460 2392 539 2446 esse,
565 2376 672 2437 ostium
687 2373 818 2436 ilnmlnis
838 2370 977 2453 praealti,
999 2376 1086 2452 quot

93 2458 260 2536 circumagi
275 2474 364 2519 naves
378 2460 410 2519 in
424 2460 579 2521 stationem
589 2466 683 2521 tutam
694 2461 811 2536 possim
823 2457 929 2519 deuse
943 2488 984 2504 -
995 2456 1056 2518 lle·

93 2540 210 2601 duacus
225 2542 319 2602 amnis
330 2549 394 2603 erat
408 2560 465 2611 -;
481 2560 516 2604 eo
526 2545 673 2606 invectam
687 2541 810 2606 classem
824 2541 924 2604 subire
935 2540 1074 2605 11111111ι

93 2623 221 2684 adverso
239 2625 333 2687 iussit.
368 2626 563 2703 gravissumas
586 2629 704 2691 narium
724 2643 786 2689 non
812 2625 933 2709 pertulit
959 2626 1084 2691 dveusr

93 2706 242 2769 fluminis:
263 2710 296 2769 in
316 2705 425 2770 leviora
446 2712 558 2791 navigia
581 2721 766 2792 transgressa
789 2711 945 2774 multitudo
959 2730 1055 2775 arma·

92 2798 195 2851 torum
211 2791 248 2852 ad
265 2791 436 2872 frequentes
451 2811 550 2872 agros,
572 2795 668 2856 tribus
680 2797 835 2857 maritimis
849 2795 1055 2857 Patavinorum

91 2875 167 2935 vicis
182 2874 348 2936 colentibus
368 2893 433 2937 eam
451 2895 549 2950 oram,
569 2879 714 2958 pervenit.
749 2876 792 2939 lbi
816 2878 928 2955 egressi
944 2877 1083 2955 praed-e

93 2957 144 3017 dio
159 2954 217 3018 levi
228 2958 351 3019 naribus
364 2957 469 3021 relicto
483 2963 563 3023 vicos
575 2967 754 3042 expugnant,
770 2959 956 3021 inflammant
967 2966 1053 3028 tecta,

92 3041 248 3102 homiuum
263 3041 469 3122 pecudumque
488 3045 613 3124 praedas
637 3051 729 3123 agunt
748 3050 778 3104 et
794 3040 949 3104 dulcedine
969 3058 1055 3118 prae·

92 3123 185 3185 dandi
198 3122 316 3204 longius
330 3143 424 3207 nsque
444 3143 461 3186 a
476 3127 598 3188 naribus
611 3128 786 3206 procedunt.
817 3126 892 3187 hacc
905 3123 955 3186 ubi
970 3124 1083 3186 Patet

91 3209 259 3272 rinmsuut
272 3211 405 3271 nuntiata
425 3242 461 3255 -
473 3227 592 3289 semper
602 3219 700 3271 autem
716 3228 768 3271 eos
785 3212 817 3269 in
833 3209 922 3270 armis
938 3206 1055 3269 accolae

92 3290 169 3352 Galli
191 3290 341 3355 habebant
364 3325 420 3363 -‚
444 3293 475 3353 in
496 3292 568 3354 duas
587 3301 687 3373 partes
711 3295 891 3354 iuventutem
911 3290 1052 3354 dlridunt.

91 3374 186 3435 altera
198 3377 229 3437 in
245 3378 415 3455 regionem,
430 3393 488 3456 qua
503 3376 594 3437 eiiusa
618 3374 769 3456 populatio
791 3374 995 3445 mundabatur,
1011 3374 1053 3438 al·

91 3465 171 3531 tera,
186 3476 225 3521 ne
240 3462 288 3521 cui
302 3458 486 3540 praedonum
501 3459 586 3522 obvia
600 3460 701 3532 lieret,
715 3459 808 3523 altero
822 3462 929 3522 itinere
943 3459 981 3520 ad
994 3468 1053 3523 sta·
