2575 4067
243 223 335 265 nunna
350 223 439 265 xxm.
456 217 524 266 aar.
542 202 584 263 26.
599 213 641 263 27.
662 201 702 283 [a.
717 208 751 266 0.
768 202 829 285 210]
955 207 1016 269 345

55 371 156 449 magis
169 387 343 450 prosperum
363 370 513 430 Romanis.
552 370 587 431 P.
611 378 640 430 et
661 370 713 431 Cu.
737 369 922 449 Scipionibus
939 372 1043 431 lutera

56 471 94 514 se
108 454 222 532 partitis
238 454 350 534 coplas,
373 460 406 514 ut
424 454 540 515 Gnaeus
555 460 651 522 terra,
672 450 794 514 Publtus
813 452 934 515 navibus
951 471 1015 518 reru

55 544 194 614 gereret,
210 535 375 598 Hasdrubal
387 536 555 597 Poenorum
569 537 747 616 imperator,
766 537 865 596 neutri
885 540 961 615 parti
975 557 1015 598 rr·

55 621 139 680 rium
153 621 224 681 satis
240 620 349 691 fidens,
365 618 470 699 procul
486 619 522 679 ab
537 620 622 681 hoste
633 617 786 681 intervallo
801 636 836 679 ac
851 618 923 680 locis
936 628 1016 682 tutus

53 701 180 770 tenebat
193 722 239 773 se,
262 702 358 782 quoad
369 701 493 764 multum
504 720 539 765 ac
553 702 603 764 diu
614 702 772 763 obtestanti
789 710 926 781 quattuor
936 702 1016 765 rnllla

54 785 193 865 peditum
205 793 234 846 et
245 789 328 856 vanille
340 787 453 864 equites
473 787 504 846 in
520 785 756 866 supplementum
771 787 853 847 missi
868 804 904 847 ex
918 787 1015 848 Africa

53 876 138 929 sunt.
170 876 234 929 tum
248 869 358 931 relecta
372 869 490 931 tandem
504 887 557 949 spe
572 878 667 930 castra
685 871 806 948 propius
821 869 936 931 hostem
952 877 1042 931 moa

55 953 116 1021 vit,
134 950 316 1032 classemque
330 961 360 1014 et
374 953 437 1032 ipse
453 953 560 1014 instrui
579 954 736 1033 pararique
757 951 838 1013 iubet
855 953 891 1013 ad
906 953 1016 1015 insulas

55 1035 305 1115 maritumamque
326 1053 408 1097 oram
429 1035 589 1098 tutandam.
628 1037 741 1115 inipso
765 1037 877 1115 lmpetu
898 1045 1043 1098 morea-⁴

56 1117 167 1179 darum
183 1117 220 1178 de
233 1119 350 1197 integro
369 1137 470 1181 rerum
492 1118 618 1199 perculit
642 1137 710 1181 eum
729 1118 947 1198 praefectorum
964 1139 1014 1182 na·

55 1203 139 1261 vium
156 1202 305 1271 transitio,
320 1203 371 1283 qul
384 1209 451 1282 post
463 1200 586 1265 classem
602 1202 638 1263 ad
653 1202 795 1263 Hiberum
809 1219 865 1281 per
878 1222 1014 1282 pavorem
1041 1271 1043 1276 ,

55 1283 209 1345 desertam
224 1287 351 1362 graviter
364 1286 502 1365 increpiti
516 1303 675 1366 numquam
690 1285 796 1346 deinde
818 1287 888 1347 satis
902 1287 954 1348 ndi
967 1294 1016 1347 aut
1065 1346 1069 1354 ,

53 1368 128 1429 duci
162 1375 212 1428 aut
236 1368 519 1445 Carthaginiensium
543 1369 632 1430 rebus
660 1369 785 1430 fuerant.
823 1368 954 1431 lacerant
983 1370 1039 1430 his

53 1449 228 1528 transfugae
250 1460 362 1512 motum
382 1453 414 1512 in
432 1452 633 1513 Tartesiorum
651 1461 754 1531 gente,
775 1451 1015 1533 desciverantque

51 1535 94 1595 iis
108 1532 275 1595 auctoribus
290 1533 380 1597 urbes
395 1534 521 1615 aliquot:
546 1553 604 1596 una
626 1537 713 1596 etiam
735 1535 772 1596 ab
787 1536 858 1615 ipsis
879 1539 906 1598 vi
930 1545 1016 1616 capta

52 1619 163 1679 iuerat.
195 1619 228 1677 in
249 1635 314 1679 eam
334 1626 452 1696 gentem
472 1637 588 1679 versum
607 1618 646 1693 ,ab
663 1617 804 1680 Romanis
825 1617 935 1681 bellum
962 1625 1045 1691 estd

51 1700 224 1779 infestoque
245 1703 376 1762 exercitu
391 1700 555 1763 Hasdrubal
578 1703 728 1781 ingressus
752 1721 856 1781 agrum
886 1705 1014 1766 hostiurn

6 1789 10 1796 '
51 1800 114 1865 pro
130 1792 232 1862 captae
244 1791 311 1844 anto
328 1783 390 1843 dies
402 1801 511 1862 pancos
527 1783 776 1847 urbismoenibus
792 1785 945 1858 Chalbum,
962 1805 1015 1848 no·

52 1864 149 1933 bilem
165 1866 366 1928 Tartesiorum
382 1864 503 1936 ducem,
525 1876 592 1927 cum
606 1867 701 1928 valido
717 1871 850 1929 exercitu
866 1872 969 1931 castris
984 1888 1015 1930 se

52 1956 224 2021 tenentem,
243 1948 364 2028 adgredi
378 1951 486 2010 statuit.
512 1951 672 2028 praemissa
681 1951 772 2027 igitur
786 1950 842 2011 levi
855 1961 1014 2021 armatura,
1027 1961 1042 2008 i

53 2051 135 2113 quae
149 2031 269 2094 eliceret
282 2033 374 2094 bostis
389 2033 425 2093 ad
440 2042 605 2103 certamen,
627 2033 757 2113 equitum
772 2042 888 2112 partem
908 2035 944 2096 ad
966 2034 1015 2095 de·

52 2114 258 2198 populandum
273 2134 428 2196 peragras
444 2118 553 2196 passim
568 2117 678 2177 dimisit
697 2125 727 2177 et
740 2122 772 2177 ut
791 2114 917 2194 palantis
938 2119 1014 2177 excl-

53 2206 173 2281 perent.
208 2199 294 2260 simul
316 2207 346 2260 et
370 2200 407 2261 ad
431 2207 527 2262 castra
546 2197 687 2262 tumultus
709 2206 772 2260 erat
793 2206 822 2259 et
848 2217 904 2279 per
929 2206 1044 2278 agrcsa
1068 2225 1072 2233 ·

53 2284 186 2361 fugaque
202 2292 231 2343 et
245 2283 364 2352 caedes;
380 2283 486 2345 deinde
497 2283 626 2363 undique
643 2283 765 2343 diuersis
780 2282 934 2345 itineribus
949 2300 1016 2343 cum

54 2369 91 2428 in
113 2374 210 2427 castra
235 2384 267 2426 se
290 2367 488 2447 recepissent,
512 2367 585 2428 adeo
611 2374 735 2446 repente
757 2366 883 2428 decessit
911 2367 1016 2427 animis

45 2468 166 2530 -pavor,
182 2457 289 2511 utnon
305 2448 341 2510 ad
356 2452 538 2511 munimenta
552 2450 641 2512 modo
659 2448 845 2511 defendenda
863 2451 933 2511 satis
954 2450 1015 2510 ani·

59 2550 176 2599 morum
190 2541 281 2603 esset,
304 2532 460 2595 sedetiam
481 2532 517 2594 ad
537 2531 740 2594 lacessendum
760 2532 875 2612 proelio
890 2534 1014 2594 hostem.

61 2623 220 2695 erumpunt
237 2617 326 2695 igittu
345 2618 462 2696 agmine
478 2635 494 2678 e
511 2618 614 2679 castris
632 2616 829 2696 tripudiantes
849 2636 933 2680 more
954 2621 1045 2686 suot

61 2700 709 2862 'inlimat0d'tdldtttib
722 2701 1016 2847 dedititii
1027 2788 1057 2842 ιο

62 2861 120 2922 lem
132 2864 201 2922 satis
217 2862 356 2933 arduum,
372 2865 493 2925 llumlne
503 2867 590 2925 etiam
602 2864 718 2925 obiecto
728 2875 822 2927 tutum
833 2868 932 2945 copias
946 2863 1015 2925 sub·

63 2943 143 3005 ducit
155 2952 185 3005 et
200 2946 390 3024 praemissam
404 2946 497 3006 levem
517 2955 697 3007 armaturam
712 2948 882 3026 equitesque
904 2947 1017 3026 palatos

63 3027 167 3089 eodem
186 3028 306 3105 recipit,
330 3042 386 3090 nec
400 3037 450 3089 aut
459 3027 524 3089 colli
541 3037 591 3090 aut
603 3029 718 3089 ssuminl
729 3030 797 3098 satis
812 3029 905 3091 tideus
922 3037 1018 3090 castra
1069 3089 1071 3093 Α

64 3109 136 3173 vallo
150 3111 309 3192 permunit.
340 3112 443 3173 in-boc
459 3110 571 3173 alterno
595 3130 702 3193 pavore
724 3114 884 3174 certamina
906 3113 1016 3191 aliquot
1028 3118 1057 3173 il
1101 3165 1105 3171 .
1152 3140 1156 3146 ⁴

64 3203 130 3257 sunt
145 3202 304 3257 contracta.
338 3214 394 3256 nec
408 3194 531 3256 Numida
547 3196 677 3274 Hispano
692 3212 783 3274 eques
804 3215 858 3277 par
873 3197 941 3266 init,
962 3210 1018 3255 nec

64 3278 205 3341 iaculator
220 3279 337 3340 Maurus
353 3287 499 3349 caecato,
522 3277 675 3339 velocitate
699 3279 779 3357 pari,
799 3280 907 3341 robore
928 3278 1019 3338 animi

66 3363 226 3443 viriumque
243 3360 423 3442 aliquantum
437 3363 607 3442 praestanti.
651 3361 763 3423 xxvii.
792 3364 950 3425 Postquam
965 3366 1041 3421 ne·t

25 3467 28 3473 ·
66 3463 120 3533 que
132 3445 377 3508 elicerePoenum
389 3446 426 3507 ad
438 3454 587 3508 certamen
599 3444 746 3509 obversati
758 3449 861 3509 castris
871 3454 1016 3528 poterunt,
