2575 4067
1258 331 1259 362 l

1257 365 1259 410 t

225 436 258 487 10
268 437 371 489 nostra
392 428 626 509 praebuerimus.
648 435 758 493 iustum
773 440 818 494 est
833 431 953 505 bellum,
979 434 1132 513 Samnites,
1152 436 1209 515 qul

265 510 321 572 bus
335 514 544 584 necessarium,
566 521 596 575 et
610 515 659 594 pia
675 532 772 587 arma,
795 516 902 596 quibus
916 516 997 579 nulla
1013 520 1070 579 uisi
1083 520 1114 580 iu
1127 519 1209 581 armls

225 605 254 655 11
265 593 441 673 relinquitur
463 615 540 676 spes.
564 600 690 676 proinde
712 617 780 659 cum
799 618 902 663 rerum
916 601 1112 665 humanarum
1124 605 1209 665 maxi·
1259 581 1260 612 ¹

264 696 344 740 mum
366 689 548 741 momentum
564 682 609 751 sit,
634 700 724 761 quam
737 685 874 763 propitiis
887 702 960 756 rem,
985 704 1076 765 quam
1090 687 1210 747 adversis
1260 705 1261 754 t

263 769 351 839 agant
373 763 444 833 diis,
466 782 522 843 pro
543 774 625 826 certo
645 764 754 827 habete
775 770 877 845 priora
891 767 968 830 bella
986 769 1125 831 adversus
1146 769 1209 830 deos
1260 757 1261 824 l

263 845 355 922 magis
371 862 458 922 quam
472 846 609 908 homines
622 850 764 927 gessisse,
784 850 856 922 hoc,
878 852 957 931 quod
971 853 1075 924 instat,
1094 851 1209 915 ducibus

262 928 335 1006 ipsis
355 927 416 991 diis
438 936 607 1009 gesturos.“
1261 967 1262 1024 p

237 1028 251 1080 1
326 1019 361 1081 ll.
391 1022 471 1082 lIaec
486 1040 546 1083 non
559 1023 635 1083 laeta
649 1023 741 1101 magis
752 1040 840 1102 quam
856 1040 924 1084 vera
936 1023 1120 1093 vaticinatus,
1134 1034 1210 1082 exer·
1261 1037 1262 1096 t

263 1106 324 1167 citu
337 1106 444 1167 educto
459 1107 537 1167 circa
548 1105 690 1168 Caudium
704 1114 800 1168 eastra
813 1124 901 1186 quam
914 1114 1013 1186 potest
1026 1103 1210 1167 occultissime
1261 1109 1262 1146 ³

236 1191 349 1253 siccat
373 1191 442 1252 inde
454 1189 491 1254 ad
502 1189 656 1262 Galatiam,
672 1190 725 1252 ubl
737 1190 796 1252 iam
806 1189 941 1252 consules
951 1190 1101 1252 Romanos
1112 1195 1210 1251 castra·

262 1295 319 1357 que
336 1293 400 1337 esse
418 1274 567 1347 audiebat,
589 1274 697 1337 milites
712 1274 816 1337 decem
835 1283 987 1355 pastorum
1009 1274 1111 1337 habitu
1124 1272 1209 1339 mittit

265 257 308 323 94
474 283 567 325 curun
582 284 624 329 rx.
647 283 715 327 cer.
732 275 755 324 1.
770 275 795 325 2.
817 269 855 343 [a.
871 287 901 328 u.
914 287 939 327 e.
953 270 1015 342 433]

261 1376 428 1442 pecoraque
450 1359 579 1421 diversos
598 1358 687 1421 alium
709 1356 778 1421 alibi
798 1358 876 1420 baud
896 1357 1001 1439 procul
1015 1358 1153 1421 Romanis
1165 1372 1209 1435 pa·
1262 1371 1263 1376 ¹

236 1451 348 1507 escere
366 1443 449 1506 iubet
465 1443 635 1523 praesldiis;
658 1442 710 1504 ubi
732 1443 890 1511 inciderint
909 1445 941 1504 in
961 1443 1164 1523 praedatores,
1183 1444 1210 1498 ut

262 1528 341 1591 idem
358 1526 494 1590 omnibus
511 1545 609 1589 sermo
624 1533 753 1598 constet,
768 1525 900 1606 legiones
911 1527 1086 1589 Samnitium
1100 1527 1130 1587 iu
1141 1525 1210 1604 Apu·

263 1612 302 1675 lia
314 1630 393 1683 esse,
410 1612 564 1674 Luceriam
575 1610 712 1673 omnibus
727 1613 819 1692 copiis
834 1610 1066 1681 circumsedere,
1082 1628 1136 1671 nec
1150 1624 1209 1689 pro·

235 1694 310 1757 ‹scul
331 1693 449 1767 abesse,
471 1697 543 1775 quin
562 1697 590 1757 rl
610 1696 735 1775 capiant.
766 1698 825 1757 iam
848 1695 873 1756 is
894 1693 951 1777 [et]
973 1713 1078 1757 rumor
1101 1701 1164 1757 ante
1179 1689 1209 1750 dc
1264 1753 1265 1782 p

262 1779 405 1842 industria
420 1778 549 1858 volgatus
569 1786 690 1841 venerat
705 1777 742 1840 ad
755 1779 918 1851 Romanos,
936 1779 989 1841 sed
1010 1779 1101 1842 lldem
1113 1790 1209 1840 auxere
1264 1789 1265 1794 ’

263 1864 367 1943 captivi
384 1864 574 1932 semanimo,
598 1862 677 1942 quod
698 1881 798 1925 sermo
817 1866 895 1926 inter
911 1881 1014 1926 omnes
1030 1859 1208 1943 congruebat

237 1947 343 2010 abaud
358 1956 422 2011 erat
436 1946 571 2019 dubium,
595 1949 667 2027 quin
682 1947 835 2010 Lucerinis
854 1966 941 2028 opem
957 1947 1108 2010 Romanus
1119 1947 1208 2012 ferret
1265 2015 1266 2022 χ

264 2032 350 2094 bonis
365 2051 399 2095 ec
413 2031 549 2094 fidelibus
567 2033 670 2103 sociis,
694 2031 780 2094 simul
798 2050 837 2093 ne
851 2031 955 2112 Apulia
968 2033 1066 2093 omnis
1083 2031 1119 2093 ad
1134 2044 1208 2111 prae·
1265 2025 1266 2096 l

263 2124 377 2179 sentem
390 2126 537 2179 terrorem
553 2116 706 2178 deficeret:
722 2135 760 2192 ea
768 2116 870 2187 modo,
889 2135 946 2195 qua
962 2117 1057 2188 Irent,
1075 2111 1208 2178 consulta·

234 2203 302 2264 etio
316 2202 382 2263 luit.
412 2201 487 2264 duae
507 2200 544 2262 ad
559 2202 715 2263 Luceriam
735 2200 870 2262 ferebant
890 2201 969 2271 riae,
990 2198 1084 2262 altera
1103 2204 1208 2281 praeter

263 2305 346 2349 oram
361 2287 461 2368 superi
475 2286 580 2357 maris,
601 2292 706 2365 pateus
727 2291 899 2365 apertaque,
920 2283 972 2345 sed
990 2291 1100 2363 quanto
1121 2281 1207 2346 tutior.

263 2378 344 2433 tanto
359 2371 423 2432 lere
444 2369 577 2448 longior,
602 2369 694 2432 altera
716 2387 770 2448 per
784 2367 914 2430 furculas
928 2367 1073 2431 Caudinas
1092 2366 1208 2429 brevior.

236 2454 318 2516 rsed
336 2454 376 2515 ita
392 2460 479 2516 natus
497 2453 580 2515 loeus
595 2461 653 2515 est:
675 2451 766 2515 saltus
787 2451 845 2514 duo
860 2452 911 2514 alti
925 2454 1042 2532 angusti
1064 2451 1208 2528 surouqu

262 2543 346 2609 sunt,
366 2535 515 2599 montibus
528 2537 607 2599 circa
621 2538 771 2618 perpetuis
785 2537 863 2597 inter
877 2554 909 2598 se
923 2536 1024 2598 iuncti.
1052 2538 1129 2598 iacet
1140 2535 1208 2593 iuter

262 2638 314 2681 eos
327 2621 397 2681 satis
416 2627 519 2701 patens
535 2619 650 2683 clausus
670 2623 702 2681 in
722 2618 819 2682 medio
834 2638 955 2700 canopus
969 2619 1111 2682 herbidus
1129 2632 1207 2697 aque·

234 2710 387 2783 esusque,
407 2722 463 2785 per
478 2722 571 2784 quem-
581 2704 713 2768 medium
726 2706 784 2766 lter
799 2710 853 2767 est.
882 2704 934 2766 sed
949 2711 1107 2785 antequam
1119 2701 1208 2763 venias

263 2787 300 2851 ad
321 2806 404 2860 eum,
425 2787 578 2851 intrandae
592 2790 707 2869 primae
722 2789 873 2869 angustiae
892 2795 974 2860 sunt,
997 2796 1027 2850 et
1041 2795 1091 2851 aut
1105 2785 1206 2850 eadem.

263 2892 320 2955 qua
334 2880 364 2935 te
377 2873 584 2946 insinuaveris,
605 2882 687 2935 retro
703 2874 748 2935 via
766 2873 928 2952 repetenda
948 2879 1011 2943 aut,
1030 2873 1056 2934 si
1069 2874 1114 2934 ire
1127 2880 1208 2952 porro

262 2976 384 3040 pergas,
408 2976 463 3040 per
483 2956 571 3020 alium
586 2957 692 3021 saltum
712 2958 851 3020 artiorem
871 2955 1136 3039 inpeditioremque
1151 2968 1207 3013 eva·

235 3042 403 3106 edendum.
430 3044 462 3105 in
477 3061 545 3105 eum
560 3060 696 3123 campum
710 3043 755 3103 ria
775 3040 830 3103 elia
846 3059 901 3122 per
919 3060 1018 3104 cavam
1039 3057 1143 3121 rupem
1156 3033 1207 3097 lle·

263 3128 344 3189 meni
353 3128 480 3189 demisso
493 3129 610 3207 agmine
622 3144 689 3188 cum
704 3126 740 3187 ad
754 3125 825 3189 alias
839 3127 986 3206 angustias
1000 3126 1135 3206 protinus
1146 3134 1207 3202 per·

263 3220 382 3291 gerent,
409 3220 523 3292 saeptas
543 3211 658 3273 deiectu
677 3209 816 3273 arborum
837 3227 1032 3290 saxorumque
1051 3206 1208 3288 ingentium

262 3295 445 3359 obiacentem
460 3295 568 3359 molem
582 3299 732 3359 invenere.
761 3314 828 3358 cum
843 3295 922 3358 fraus
937 3292 1050 3355 hostilis
1064 3287 1208 3373 apparuis-

226 3382 256 3437 10
265 3387 323 3449 set,
343 3381 522 3460 praesidium
536 3382 623 3444 etiam
643 3383 676 3441 ln
689 3399 804 3443 summo
824 3378 899 3443 saltu
918 3379 1106 3459 conspicitur.
1136 3366 1208 3434 citat

262 3460 333 3523 lude
343 3472 438 3536 retro,
450 3483 507 3546 qua
522 3473 670 3537 venerant.
682 3472 810 3545 pergunt
820 3470 956 3547 repetere
962 3464 1048 3526 riam
1067 3476 1131 3522 eam
1141 3469 1208 3536 quo·

263 3562 323 3623 que
343 3545 471 3609 clausam
490 3566 542 3610 sua
564 3547 648 3610 obice
669 3549 816 3632 armisque
835 3548 996 3611 inveniunt.
1025 3547 1131 3609 sistunt
1143 3535 1208 3601 inde
