2575 4067
247 237 338 278 crosa
352 238 427 281 xxu.
445 238 509 280 one.
524 229 566 282 25.
582 227 625 281 26.
641 230 685 282 27.
702 219 741 301 [a.
755 223 789 284 O.
804 222 866 303 217]
994 227 1057 290 285

100 385 240 453 referret,
262 385 458 462 magistroque
473 388 604 466 equiturn
624 388 703 467 qnod
717 396 819 449 contra
840 388 949 450 dictum
969 408 1054 451 suum
1068 397 1099 449 la

100 476 273 548 pugnasset,
290 469 434 529 rationem
452 469 563 531 diceret
581 471 762 532 reddendam
776 489 849 532 esse.
878 474 904 532 si
918 490 1009 553 penes
1023 490 1055 534 se
1069 480 1100 530 lt

100 569 214 612 summa
229 552 345 629 imperii
360 552 532 634 consiliique
545 556 596 624 sit,
612 573 705 634 prope
720 554 798 615 diem
815 555 1002 626 effecturum,
1026 565 1058 616 ut

100 636 193 695 sciant
202 634 345 704 homines,
358 634 436 696 bono
448 638 625 717 imperatore
635 637 714 698 baud
724 640 823 716 magni
835 638 982 699 loctunam
993 657 1056 698 mo·

100 718 191 779 menti
206 736 283 788 esse,
302 727 430 779 mentem
443 723 645 801 rationemque
660 721 818 793 dominari,
834 722 909 784 etin
925 729 1056 801 tempore
1070 731 1100 781 15

99 810 130 862 et
140 803 204 862 siue
218 802 377 877 ignominia
391 820 522 864 servasse
535 807 697 865 exercitum
709 823 795 884 quam
808 805 898 866 multa
910 805 989 866 milia
1004 806 1057 866 ho·

100 886 188 945 stium
205 884 346 947 occidisse
360 886 503 947 malorem
518 884 641 965 gloriam
657 906 729 949 esse.
762 888 847 950 buius
862 889 979 967 generis
990 905 1055 948 ora·
1070 896 1101 947 to

100 966 230 1027 tionibus
246 968 354 1029 frustra
374 968 481 1029 habitis
497 978 525 1030 et
536 970 656 1032 consule
675 979 774 1032 creato
789 972 827 1033 bl.
838 971 924 1033 Atilio
936 970 1056 1050 Regulo,

100 1068 139 1110 ne
153 1068 293 1129 praesens
310 1051 347 1111 de
361 1052 425 1113 iure
440 1054 557 1133 imperii
572 1054 740 1125 dimicaret,
761 1055 855 1135 pridie
871 1073 958 1136 quam
973 1071 1058 1133 roga·

100 1135 188 1195 tionis
200 1134 338 1196 ferendae
349 1136 412 1197 dies
424 1135 552 1207 adesset,
566 1146 654 1198 nocte
666 1138 703 1198 ad
715 1140 875 1200 exercitum
886 1139 966 1200 abiit.
992 1136 1057 1200 luce
1071 1147 1100 1197 tr

101 1225 167 1278 orta
179 1237 246 1280 oum
259 1217 354 1298 plebis
366 1218 522 1281 concillum
538 1228 630 1292 esset,
647 1222 741 1299 magis
751 1222 838 1283 tacita
848 1222 957 1283 inridIa
969 1222 1059 1282 diota·

102 1302 174 1362 toris
189 1302 326 1382 latorque
335 1303 467 1379 magistri
479 1306 608 1383 equitum
620 1307 734 1365 animos
750 1304 897 1375 versabat,
914 1324 1001 1384 quam
1013 1323 1057 1365 sa·

104 1387 140 1446 tis
156 1384 303 1446 audebant
319 1385 454 1447 homines
465 1385 502 1446 ad
517 1387 707 1459 suadendum,
724 1387 803 1467 qnod
813 1386 900 1466 vtrlgo
916 1386 1059 1466 placebat,

101 1469 234 1548 prodire,
263 1478 292 1529 et
318 1469 417 1529 lavore
438 1479 596 1548 superante
618 1473 777 1531 auotoritas
798 1479 895 1531 tameo
915 1470 1060 1549 rogationi

102 1553 212 1614 deerat.
242 1570 318 1614 unus
331 1554 466 1613 iuventus
483 1561 526 1614 est
539 1572 641 1616 suasor
657 1553 731 1633 legis
746 1555 777 1616 C.
790 1554 946 1616 Terentius
957 1557 1058 1624 Varro,
1072 1562 1102 1612 18
1166 1559 1171 1568 ‘

102 1638 152 1715 qui
172 1638 273 1716 priore
293 1654 370 1697 anno
394 1645 512 1716 praetor
526 1638 637 1709 iuerat,
659 1638 724 1700 loco
746 1655 807 1699 nou
829 1638 932 1699 humill
953 1637 1059 1709 solum,

102 1719 262 1780 sedetiam
285 1719 403 1780 sordido
425 1728 514 1781 ortus.
561 1730 675 1801 patrem
700 1720 810 1782 lanium
836 1722 925 1783 luisse
948 1722 1056 1792 ferunt,
1071 1727 1102 1777 to

101 1806 196 1882 ipsum
210 1803 372 1864 institorem
389 1804 510 1873 merois,
532 1803 651 1885 illioque
665 1805 722 1866 boc
733 1807 798 1885 ipso
813 1805 844 1866 in
860 1804 975 1867 servilia
997 1806 1060 1866 eius

101 1887 172 1947 artis
186 1887 348 1948 ministeria
364 1905 459 1947 usum.
503 1887 601 1947 xxvi.
633 1889 805 1957 lsiurenis,
828 1898 861 1950 ut
882 1891 1010 1970 primum
1025 1896 1084 1949 ext

102 1988 136 2030 eo
152 1987 262 2049 genere
273 1978 410 2050 quaestus
421 1971 572 2050 pecuniae
588 1977 672 2049 patre
688 1970 789 2031 relicta
801 1972 913 2032 antmos
924 1973 960 2032 ad
976 1989 1058 2050 spem

101 2052 275 2115 liberalioris
287 2054 424 2115 fortunae
436 2053 520 2124 lecit,
530 2062 656 2133 togaque
668 2061 696 2112 et
708 2053 804 2114 lorum
816 2053 970 2132 placuere,
987 2071 1056 2132 pro·
1069 2064 1085 2109 2

106 2135 259 2198 clamando
276 2156 330 2217 pro
346 2136 473 2198 sordidis
487 2136 655 2197 hominibus
667 2137 820 2215 causisque
839 2136 977 2197 adversus
994 2154 1057 2196 rem

102 2228 131 2279 et
146 2219 253 2282 lamam
270 2220 415 2281 bonorum
432 2222 560 2300 primum
575 2221 606 2280 in
620 2221 753 2281 notitiam
769 2218 885 2298 populi,
904 2217 1010 2277 deinde
1022 2217 1059 2278 ad

103 2303 229 2365 bonores
244 2306 385 2383 pervenit.
417 2311 573 2383 quaestura
591 2322 707 2383 quoque
723 2310 753 2364 et
774 2300 887 2362 duabus
906 2299 1087 2361 aedilitati·o

100 2386 169 2457 bus,
182 2386 296 2466 plebeia
310 2396 338 2448 et
348 2386 457 2456 curuli,
470 2396 619 2466 postremo
628 2394 657 2446 et
669 2394 807 2466 praetura
819 2385 990 2465 perfunctus
1001 2384 1059 2444 iam

102 2469 137 2531 ad
150 2470 316 2533 consulatus
327 2489 410 2550 spem
418 2489 485 2532 curn
496 2469 650 2531 adtolleret
661 2471 782 2539 animos,
796 2468 874 2530 baud
884 2486 989 2548 parum
1001 2465 1086 2527 cal-4

101 2552 159 2614 lide
183 2573 283 2616 auram
310 2556 417 2616 intorto
436 2553 586 2634 popularis
605 2573 640 2614 er
662 2554 814 2614 dictatoria
842 2552 949 2612 invidia
976 2551 1058 2629 petiit

101 2638 222 2719 scitique
238 2638 333 2718 plebis
347 2656 424 2701 unus
440 2639 563 2717 gratiam
581 2637 655 2699 tout.

164 2721 274 2783 Omnes
285 2741 350 2783 eam
369 2723 551 2801 rogationem
563 2723 672 2801 quique
683 2722 793 2783 Romae
809 2721 916 2800 quique
930 2721 960 2779 in
974 2726 1085 2780 exer-o

101 2806 161 2863 citu
176 2813 273 2873 erant,
297 2807 382 2883 aequi
396 2814 482 2883 atque
504 2806 611 2883 iniqui,
632 2813 751 2883 praeter
768 2804 864 2882 ipsum
885 2802 1058 2862 dictatorern

102 2887 132 2944 in
154 2886 361 2947 contumeliam
382 2889 444 2947 eius
461 2887 548 2948 latam
566 2893 757 2963 acceperunt:
784 2886 860 2963 ipse,
888 2901 944 2962 qua
964 2886 1086 2960 gravi-o

103 2975 161 3027 tate
173 2970 262 3028 animi
271 2970 460 3031 orlminantes
475 2989 507 3030 se
522 2970 559 3030 ad
569 2968 785 3030 multitudinem
796 2966 930 3025 inimicos
943 2964 1057 3034 tulerat,

102 3050 205 3112 eadem
221 3060 250 3112 et
265 3052 365 3132 populi
376 3053 406 3113 ln
420 3070 452 3112 se
464 3054 618 3113 saeviends
629 3051 767 3111 iniuriam
780 3046 857 3117 tulit,
874 3050 1058 3127 acceptisque
1070 3056 1083 3102 t

102 3137 132 3194 in
148 3136 211 3213 ipso
227 3136 332 3196 itinere
347 3135 452 3196 litteris
466 3144 643 3214 senatusque
659 3131 792 3196 consulto
809 3131 846 3192 de
861 3138 985 3210 aequato
1003 3132 1057 3190 im·

102 3220 198 3298 perlo,
220 3220 289 3280 satis
307 3219 399 3280 fidens
421 3217 644 3297 haudquaquam
659 3235 727 3278 cum
743 3216 860 3295 imperii
877 3216 941 3274 iure
963 3222 1057 3275 artem

102 3303 268 3383 imperandi
288 3311 457 3383 aequatam,
483 3319 551 3362 cum
572 3301 679 3361 invicto
700 3319 716 3360 a
738 3297 847 3359 civibus
868 3297 1057 3377 hostibusque

103 3388 198 3447 animo
210 3386 246 3447 ad
254 3390 416 3449 exercitum
427 3385 524 3446 rediit.
554 3384 666 3444 xxvii.
690 3383 833 3444 Minucius
840 3398 910 3441 vero
922 3399 989 3441 cum
1000 3382 1058 3441 iam
1071 3388 1081 3438 t

102 3476 169 3531 ante
185 3473 231 3531 vir
254 3470 413 3532 tolerabilis
431 3470 533 3530 luisset
547 3468 684 3529 secundis
699 3466 788 3527 rebus
799 3482 833 3524 ac
854 3464 952 3524 lavore
971 3462 1056 3541 volgi,
