2575 4067
244 245 304 308 360
395 254 489 299 amsa
510 252 602 297 xxm.
617 251 686 297 cas.
704 240 748 295 ³9.
765 239 809 295 40.
825 230 866 315 [a.
882 253 914 297 n.
928 253 955 297 a.
973 232 1036 316 bas]

242 406 375 468 Poenum
389 403 577 475 defecerant,
601 401 710 465 Fabius
725 402 753 463 vl
766 404 861 484 cepit:
883 401 1088 484 praesidiaque
1109 404 1143 464 ln
1159 404 1210 467 bis

193 487 411 551 *aHannibalis
434 486 634 568 Campanique
661 485 800 565 permulti
826 490 913 567 capti.
954 494 984 548 et
1006 484 1099 548 Nolae
1127 489 1208 551 sicut
1272 525 1273 528 =

241 575 342 653 priore
358 590 436 634 anno
457 579 576 634 senatus
594 571 810 642 Romanorum,
833 571 917 653 plebs
934 568 1105 634 Hannibalis
1130 581 1208 643 erat,

242 655 421 738 consiliaque
434 653 548 719 occulta
559 655 596 717 de
611 654 701 717 caede
712 654 879 735 principum
895 662 924 718 et
936 654 1103 736 proditione
1118 656 1208 717 urbls

213 740 402 809 tlnlbantur.
432 738 539 820 qulbus
553 757 592 802 ne
607 740 724 819 incepta
739 739 954 818 procederent,
975 740 1053 800 inter
1071 738 1207 820 Capuam

243 832 396 906 castraque
408 822 594 893 Hanniballs,
610 841 686 904 quae
700 823 731 883 in
742 822 846 885 Tifatis
860 831 953 894 erant,
968 822 1105 885 traducto
1116 842 1205 885 exer·

242 911 302 972 citu
313 908 420 971 Fabius
434 925 523 988 super
530 905 699 974 Suessulam
712 907 859 970 incastris
870 906 1036 971 Claudianis
1050 907 1205 970 consedit·

242 994 311 1055 inde
322 992 361 1057 tl.
375 990 547 1057 Marcellum
563 999 788 1071 propraetorem
805 1009 871 1053 cum
886 992 923 1053 iis
938 992 1045 1072 copiis,
1062 1009 1137 1070 quas
1151 991 1201 1052 ba·

243 1076 346 1147 bebat,
361 1075 466 1138 Nolam
481 1076 513 1136 ln
528 1074 708 1154 praesidium
723 1075 812 1137 misit.
960 1103 967 1112 «

214 1167 227 1220 t
301 1160 361 1222 XL.
395 1160 432 1223 Et
453 1161 484 1222 in
508 1158 643 1221 Sardinia
667 1175 716 1218 res
739 1176 794 1238 per
814 1159 849 1221 Τ.
871 1158 1010 1222 Manlium
1031 1165 1204 1240 praetorem

243 1244 442 1307 administrari
463 1251 601 1324 coeptae,
623 1260 698 1323 quae
720 1243 845 1304 omissae
866 1252 965 1315 erant,
986 1251 1144 1323 postquam
1168 1241 1204 1315 0.

215 1327 356 1392 abiuclus
370 1336 491 1410 praetor
506 1329 587 1407 gravi
604 1324 709 1387 morbo
725 1333 769 1386 est
783 1326 942 1406 inplicitus.
977 1325 1102 1389 Manlius
1119 1327 1204 1388 nari·

243 1410 299 1473 bus
312 1410 407 1492 longis
422 1411 458 1473 ad
474 1411 584 1474 Caralis
599 1409 751 1471 subductis
766 1409 975 1492 navalibusque
997 1410 1085 1472 sociis
1105 1428 1203 1471 arma·

242 1496 295 1566 tis,
315 1503 347 1558 ut
360 1503 439 1558 terra
454 1513 518 1557 rem
547 1501 684 1572 gereret,
705 1504 734 1554 et
749 1512 764 1554 a
780 1503 918 1573 praetore
934 1495 1064 1557 exercitu
1079 1501 1203 1574 accepto

242 1577 300 1640 duo
316 1587 346 1641 et
360 1580 463 1658 viginti
477 1578 558 1640 milia
570 1577 718 1656 peditum,
740 1576 821 1638 mille
836 1576 979 1641 ducentos
1000 1578 1113 1658 equites
1130 1595 1198 1639 con·

213 1661 321 1723 afeolt.
358 1680 425 1725 cum
446 1663 493 1722 bis
520 1662 651 1740 equitum
671 1660 862 1741 peditumque
885 1663 978 1742 copiis
998 1660 1151 1742 profectus
1171 1662 1203 1723 in

242 1761 345 1822 agrum
356 1744 485 1806 bostium
499 1743 577 1805 baud
592 1742 697 1822 procul
712 1743 748 1804 ab
759 1744 968 1824 Hampsicorae
982 1746 1087 1807 castris
1105 1753 1203 1807 eastra

241 1829 347 1908 posuit.
381 1827 574 1907 Hampsicora
596 1836 659 1888 tum
680 1827 757 1889 forte
777 1830 927 1909 profectus
951 1836 1014 1891 erat
1033 1806 1203 1906 lni'ellitos

242 1911 352 1973 Sardos
372 1912 409 1972 ad
430 1914 610 1974 iuventutem
632 1911 820 1984 armandam,
850 1930 907 1993 qua
935 1915 1034 1994 copias
1061 1923 1202 1991 augeret:

212 1993 318 2058 atilius
333 1997 452 2058 nomine
463 1996 562 2059 Hostis
574 1996 677 2058 castris
687 2005 833 2075 praeerat.
865 1996 890 2057 is
904 1995 1101 2060 adolescentia
1115 1996 1203 2069 ferox

242 2087 355 2142 temere
367 2079 481 2161 proelio
500 2082 573 2142 inito
589 2080 671 2141 fusus
690 2078 875 2160 fugatusque.
910 2079 947 2142 ad
963 2082 1020 2143 tria
1034 2079 1115 2143 milia
1130 2081 1202 2143 Sar·

215 2163 351 2227 odorum
366 2184 401 2227 eo
412 2163 526 2245 proelio
541 2182 638 2236 caesa,
655 2165 817 2242 octingenti
830 2163 925 2227 ferme
939 2167 996 2228 vivi
1011 2166 1102 2246 capti;
1127 2165 1201 2227 alius

244 2250 390 2311 exercitus
409 2249 506 2329 primo
526 2267 580 2328 per
601 2265 688 2327 agros
709 2246 853 2328 silvasque
879 2247 948 2328 fuga
971 2247 1099 2330 palatus,
1120 2249 1199 2321 dein,

242 2350 301 2411 quo
318 2332 422 2395 ducem
439 2332 548 2411 fugisse
564 2333 640 2394 fama
657 2340 735 2408 erat,
752 2331 789 2393 ad
803 2332 909 2395 urbem
923 2335 1042 2395 nomine
1057 2333 1201 2405 Cornum,

213 2420 330 2495 tcaput
345 2418 411 2478 eius
429 2418 572 2496 regionis,
596 2415 737 2495 confugit.
775 2415 1011 2498 debellatumque
1033 2434 1068 2478 eo
1084 2416 1200 2496 proelio

241 2500 273 2559 in
288 2501 423 2562 Sardinia
439 2508 529 2571 esset,
546 2502 577 2562 nl
594 2500 694 2562 classis
708 2500 818 2562 Punica
833 2519 901 2563 cum
917 2500 992 2563 duce
1006 2500 1199 2569 Hasdrubale,

242 2599 317 2660 quae
332 2590 506 2663 tempestate
531 2585 643 2646 delecta
666 2584 702 2645 ad
717 2582 841 2647 Baliaris
862 2591 935 2657 erat,
966 2586 1147 2666 intempore
1163 2584 1198 2646 ad

212 2672 323 2742 aspem
338 2666 502 2727 rebellandi
512 2668 685 2728 advenisset.
716 2667 840 2730 Manlius
854 2677 920 2750 post
933 2667 1042 2731 famam
1059 2667 1199 2748 adpulsae

240 2746 368 2808 Punicae
385 2747 485 2810 classis
497 2749 607 2811 Caralis
622 2768 654 2810 se
669 2752 796 2830 recepit:
811 2770 844 2813 ea
859 2753 975 2814 occasio
988 2751 1199 2832 Hampsicorae

212 2831 309 2894 adata
325 2840 370 2893 est
383 2831 484 2894 Poeno
499 2851 532 2895 se
545 2833 696 2913 iungendi.
729 2833 908 2906 Hasdrubal,
934 2836 1026 2916 copiis
1043 2838 1198 2897 interram

241 2918 381 2997 expositis
396 2935 433 2979 ex
448 2916 541 2979 classe
555 2919 679 2980 remissa
695 2918 901 2998 Carthaginem
916 2918 991 2981 duee
1005 2918 1199 3000 Hampsicora

241 3000 278 3062 ad
292 3002 438 3063 sociorum
450 3000 553 3082 populi
567 3001 692 3063 Romani
703 3019 806 3080 agrum
822 3001 1022 3083 populandum
1037 3002 1198 3082 proiectus,

241 3084 351 3148 Caralis
372 3094 568 3166 perventurus
592 3092 669 3156 erat,
700 3086 731 3145 ni
752 3085 877 3147 Manlius
900 3086 986 3148 obvio
1007 3087 1140 3148 exercitu
1162 3085 1199 3147 ab

212 3169 330 3231 teifusa
349 3186 415 3230 eum
433 3168 623 3250 populatione
639 3168 840 3230 continuisset.
869 3171 966 3250 primo
981 3177 1077 3233 eastra
1095 3171 1199 3232 castrts

240 3253 355 3315 modIco
369 3251 523 3315 intervallo
545 3261 614 3313 sunt
628 3252 755 3322 oblecta;
773 3253 879 3316 deinde
894 3272 949 3335 per
959 3254 1199 3334 procursationes

239 3335 313 3399 levia
330 3339 491 3399 certamina
513 3336 592 3398 vario
613 3344 719 3400 eventu
739 3337 828 3410 inita,
849 3346 1000 3418 postremo
1023 3337 1198 3400 descensum

239 3422 271 3480 in
288 3422 397 3492 aciem,
414 3423 506 3503 signis
525 3418 649 3483 conlatis
662 3421 738 3482 iusto
755 3421 868 3499 proelio
883 3440 938 3503 per
954 3429 1093 3502 quattuor
1109 3421 1199 3483 boras
1274 3447 1275 3496 q

198 3504 231 3554 to
241 3510 412 3579 pugnatum.
434 3505 483 3566 diu
494 3522 621 3586 pugnam
634 3504 791 3585 ancipitem
801 3507 902 3578 Poeni,
917 3506 1017 3568 Sardis
1027 3504 1199 3567 facilevinci
