2575 4067
264 240 324 303 288
428 253 521 294 nmen
535 253 612 294 nn.
630 253 700 295 oar.
714 240 758 294 29.
775 241 818 298 30.
836 230 876 313 [a.
892 256 922 297 ιι.
937 256 963 294 c.
980 235 1044 313 537]

264 419 300 462 ex
310 409 393 479 parte
401 401 494 461 caesis
504 398 577 466 aliis,
586 399 650 461 aliis
661 398 973 479 circumspectantibus
982 400 1088 478 lugam
1096 401 1248 464 Fabiana

263 501 296 545 se
310 485 388 545 acies
402 493 524 563 repento
539 482 618 544 velut
634 482 716 544 caelo
731 483 857 545 demissa
874 483 911 544 ad
927 483 1068 544 auxilium
1084 486 1244 547 ostendit

238 568 376 646 sitaque,
397 568 568 647 priusquam
590 566 628 627 ad
648 568 815 629 coniectum
835 566 887 627 teli
907 568 1020 627 reniret
1034 578 1090 629 aut
1104 587 1274 631 manum

264 657 448 720 consereret,
466 657 496 710 et
509 650 691 728 suosaluga
706 651 796 711 eiiusa
811 657 841 710 et
855 650 892 710 ab
914 651 1000 710 nimis
1014 649 1157 731 lerocip
1158 672 1241 731 ugna

236 735 363 796 chostes
375 733 527 794 continuit.
557 734 608 813 qui
618 732 721 794 solutis
735 733 889 795 ordinibus
903 749 976 810 vage
990 671 1157 831 dissipatip
1149 744 1241 798 erant

264 817 393 896 undique
411 816 607 895 conlegerunt
617 815 654 877 ad
653 818 813 913 ‘integram
828 818 936 887 aciem;
953 817 1003 896 qui
1018 816 1127 896 plures
1143 819 1239 881 simul

264 910 347 978 terga
359 899 500 961 dederant
506 917 641 961 conversi
652 900 681 960 in
690 899 805 962 hostem
817 898 1022 979 volventesque
1029 899 1145 964 orbem
1153 921 1237 963 nuno

263 986 373 1045 sensim
388 984 501 1044 reierre
518 982 640 1062 pedem,
662 1001 741 1045 nunc
760 981 927 1062 conglobati
949 990 1073 1044 restare.
1109 1003 1151 1048 ao
1176 989 1236 1047 ianr

263 1085 357 1147 prope
371 1085 430 1128 una
443 1068 519 1128 acies
533 1065 608 1128 lacta
621 1074 685 1127 erat
699 1068 766 1128 victi
780 1074 867 1146 atque
882 1067 990 1145 integri
1004 1070 1174 1141 exercitus,
1190 1072 1234 1131 in·

264 1150 458 1230 ferebantque
473 1151 556 1227 signa
572 1152 604 1211 ln
629 1150 758 1221 hostem,
782 1168 849 1210 oum
863 1149 979 1210 Poenus
993 1153 1133 1228 receptui
1152 1155 1233 1214 ceci·

236 1236 305 1294 tuit
319 1234 415 1313 palam
429 1234 541 1294 serente
553 1232 731 1304 Hannibale,
747 1232 783 1294 ab
798 1251 830 1294 se
843 1233 1017 1302 Minucium,
1033 1251 1065 1295 se
1077 1233 1118 1295 ab
1132 1236 1230 1298 Fabio

264 1319 380 1379 rictum.

236 1409 252 1456 ι
326 1402 369 1462 lta
383 1419 437 1481 per
450 1402 556 1462 variam
572 1399 720 1461 lortunam
736 1399 795 1460 diei
813 1401 925 1460 maiore
938 1407 1023 1480 parta
1033 1409 1141 1462 exacta
1160 1417 1229 1464 cunr

263 1486 294 1544 in
323 1492 417 1545 eastra
446 1484 572 1545 reditum
599 1492 690 1554 esset,
716 1484 859 1545 Minucius
888 1484 1053 1544 convocatis
1079 1484 1229 1548 militibus

237 1574 378 1646 t„saepe
400 1576 480 1644 ego“
503 1567 623 1646 inquit“
643 1566 754 1636 audiri,
782 1565 902 1637 milites,
925 1567 1142 1646 cumprimum
1160 1588 1227 1631 me

265 1652 373 1719 virum,
390 1652 440 1729 qui
455 1651 517 1728 ipse
532 1649 665 1711 consulat
683 1649 752 1730 quid
766 1651 797 1710 in
815 1667 878 1712 rem
896 1650 948 1720 ιιι,
964 1652 1130 1713 secundum
1141 1671 1222 1724 eum,

264 1734 314 1810 qui
336 1732 413 1792 bene
437 1734 570 1794 monenti
589 1732 739 1803 oboediat;
763 1736 883 1832 quince
902 1735 966 1812 ipse
986 1733 1142 1796 consulere
1167 1754 1223 1797 noo

235 1814 346 1874 saltari
361 1833 467 1894 parere
481 1817 569 1886 sciat,
591 1834 658 1876 eum
677 1819 801 1878 extremi
814 1818 926 1895 ingenii
940 1835 1013 1879 esse.
1045 1818 1133 1880 nobis
1147 1839 1221 1900 quo·

264 1899 342 1959 niam
357 1900 452 1977 prima
470 1900 561 1960 animi
580 1901 750 1980 ingeniique
771 1909 875 2000 negata
898 1918 963 1961 sors
977 1909 1036 1973 est,
1058 1903 1218 1964 secundam

264 1999 298 2042 ac
312 1982 439 2044 mediam
455 1990 605 2046 teneamus
621 1992 665 2055 et,
688 1984 781 2044 dunr
773 2001 919 2064 imperare
935 1984 1087 2057 discimus,
1113 2005 1217 2065 parere

224 2072 255 2123 ιο
265 2065 425 2145 prudenti
417 2086 447 2128 ru
463 2068 592 2128 animum
604 2067 785 2129 inducamus.
820 2074 881 2129 cast
882 2086 915 2128 ra
931 2086 999 2129 cum
1013 2031 1123 2131 rabi'o
1115 2087 1216 2149 iunga-

263 2168 344 2221 mus;
367 2149 403 2211 ad
421 2152 600 2230 praetorium
622 2153 684 2212 eius
706 2151 789 2229 signa
810 2169 877 2212 curn
903 2151 1069 2223 tulerimus,
1096 2153 1148 2214 ubi
1162 2171 1215 2232 ego

265 2252 331 2295 eum
345 2242 497 2314 parentem
512 2233 712 2313 appellavero,
734 2233 812 2313 quod
827 2233 971 2295 beneflcio
997 2237 1059 2296 eius
1073 2254 1144 2315 erga
1162 2254 1214 2297 nos

225 2324 252 2373 ιι
265 2335 299 2377 ae
317 2320 467 2378 maiestate
485 2319 547 2379 eius
562 2318 683 2396 dignum
701 2325 757 2388 est,
775 2335 840 2388 vos,
864 2317 985 2390 milites,
1009 2337 1074 2389 eos,
1090 2337 1211 2399 quorum

266 2419 315 2461 ros
335 2400 422 2461 modo
445 2419 526 2461 arma
548 2401 685 2463 dexterae
705 2408 856 2472 texerunt,
883 2410 1023 2481 patronos
1044 2401 1209 2472 salutabitis,

264 2491 307 2555 et,
323 2487 349 2544 si
366 2483 439 2543 nihil
450 2484 540 2555 aliud,
558 2493 709 2562 gratorum
720 2492 801 2545 certe
814 2484 900 2545 nobis
911 2487 1076 2547 enlmorum
1092 2485 1210 2564 gloriam

236 2564 324 2626 tdies
338 2566 386 2627 hie
401 2565 545 2628 dederit.‘⁴
573 2568 660 2629 XXX.
684 2569 774 2647 Signo
787 2568 854 2628 dato
870 2566 1070 2630 conclamatur
1083 2568 1164 2638 inde,
1181 2577 1210 2630 ut

263 2647 437 2727 colligantur
451 2667 526 2709 vasa.
561 2650 687 2728 proiecti
707 2658 737 2712 et
751 2652 868 2729 agmine
884 2651 1054 2714 incedentes
1067 2654 1111 2713 nd
1124 2652 1209 2714 dicta·

263 2733 335 2790 toris
349 2738 443 2791 castra
463 2733 493 2791 in
511 2731 733 2794 admirationem
752 2741 782 2794 et
800 2735 895 2815 ipsum
910 2742 939 2796 et
954 2753 1056 2797 omnes
1072 2737 1123 2815 qui
1136 2737 1209 2796 eirea

235 2822 348 2876 nerant
362 2822 578 2877 converterunt.
605 2824 637 2878 ut
648 2819 804 2879 constituta
824 2826 892 2879 sunt
903 2826 969 2880 ante
980 2818 1108 2881 uibunal
1122 2821 1207 2897 signa,

263 2917 437 2980 progressus
456 2907 523 2961 ante
543 2899 615 2963 alios
632 2903 771 2981 magister
784 2903 929 2981 equitum,
946 2920 1014 2964 cum
1031 2912 1144 2982 patrem
1157 2903 1207 2964 Fa·

262 2983 524 3064 biumappellasset
534 2985 783 3065 circumfusosque
794 2984 918 3046 militum
927 2986 992 3047 eius
1003 2993 1097 3048 totum
1108 3003 1207 3065 agmen

234 3073 250 3124 3
262 3077 401 3146 patronos
412 3067 636 3140 consalutasset,
649 3067 845 3147 „parentibus
853 3076 870 3100 ‘⁶
885 3070 982 3149 inquit
995 3115 1014 3139 „
1023 3070 1109 3140 meis,
1122 3069 1207 3130 dieta·
1273 3101 1274 3104 ι

210 3185 214 3191 -
262 3160 323 3222 tor,
341 3149 447 3230 quibus
462 3158 491 3211 te
504 3150 592 3212 modo
603 3153 737 3223 nomine,
759 3169 817 3231 quo
833 3151 921 3212 lando
931 3170 1065 3232 possum,
1082 3154 1206 3233 aequari,

262 3237 349 3294 vitam
362 3242 475 3295 tantum
486 3233 588 3305 debeo,
604 3235 657 3296 tibi
672 3254 737 3296 cum
749 3253 846 3296 meam
857 3233 990 3307 salutem,
1008 3242 1070 3297 tum
1081 3237 1207 3297 omnium
1273 3237 1274 3244 ’

239 3317 377 3378 thorum.
414 3318 511 3398 itaque
529 3316 626 3397 plebei
643 3320 763 3389 scitum,
791 3337 849 3398 quo
874 3326 1012 3380 oneratus
1034 3336 1098 3379 sum
1120 3321 1206 3397 magis
1273 3313 1274 3358 ἶ

261 3418 348 3477 quam
366 3401 541 3470 honoratus,
557 3404 670 3481 primus
686 3403 804 3481 antiquo
820 3401 990 3481 abrogoque
1007 3411 1049 3473 et,
1067 3400 1143 3481 quod
1157 3401 1205 3462 tibi
1273 3417 1274 3422 ’

262 3482 391 3563 mihique
412 3482 519 3563 [quod]
545 3484 778 3565 exercitibusque
800 3486 845 3546 lris
866 3487 935 3556 tuis,
958 3492 1072 3546 serrato
1093 3502 1125 3545 ao
1139 3502 1204 3545 oon·
