<?xml version="1.0" encoding="UTF-8"?>
<!DOCTYPE html PUBLIC "-//W3C//DTD XHTML 1.0 Transitional//EN"
    "http://www.w3.org/TR/xhtml1/DTD/xhtml1-transitional.dtd">
<html xmlns="http://www.w3.org/1999/xhtml" xml:lang="en" lang="en">
 <head>
  <title>
</title>
<meta http-equiv="Content-Type" content="text/html;charset=utf-8" />
  <meta name='ocr-system' content='tesseract 3.04.00' />
  <meta name='ocr-capabilities' content='ocr_page ocr_carea ocr_par ocr_line ocrx_word'/>
</head>
<body>
  <div class='ocr_page' id='page_1' title='image "./aburbeconditali12livygoog_0053.png"; bbox 0 0 2575 4067; ppageno 0'>
   <div class='ocr_carea' id='block_1_1' title="bbox 93 213 1051 297">
    <p class='ocr_par' dir='ltr' id='par_1_1' title="bbox 93 213 1051 297">
     <span class='ocr_line' id='line_1_1' title="bbox 93 213 1051 297; baseline 0 -22"><span class='ocrx_word' id='word_1_1' title='bbox 93 233 191 275; x_wconf 76' lang='lat' dir='ltr'><strong>nmen</strong></span> <span class='ocrx_word' id='word_1_2' title='bbox 203 233 259 276; x_wconf 86' lang='lat' dir='ltr'><strong>vn.</strong></span> <span class='ocrx_word' id='word_1_3' title='bbox 276 232 345 275; x_wconf 77' lang='lat' dir='ltr'><strong>car.</strong></span> <span class='ocrx_word' id='word_1_4' title='bbox 359 221 633 277; x_wconf 78' lang='lat' dir='ltr'><strong>42.-nrnnnr111.</strong></span> <span class='ocrx_word' id='word_1_5' title='bbox 648 234 715 277; x_wconf 72' lang='lat' dir='ltr'><strong>cir.</strong></span> <span class='ocrx_word' id='word_1_6' title='bbox 729 229 752 276; x_wconf 87' lang='lat'><strong>1.</strong></span> <span class='ocrx_word' id='word_1_7' title='bbox 767 224 806 297; x_wconf 87' lang='lat' dir='ltr'><strong>[a.</strong></span> <span class='ocrx_word' id='word_1_8' title='bbox 819 216 919 278; x_wconf 67' lang='grc'><strong>(3.342.</strong></span> <span class='ocrx_word' id='word_1_9' title='bbox 928 213 990 297; x_wconf 77' lang='grc'><strong>341]</strong></span> <span class='ocrx_word' id='word_1_10' title='bbox 1011 222 1051 284; x_wconf 78' lang='grc'><strong>47</strong></span> 
     </span>
    </p>
   </div>
   <div class='ocr_carea' id='block_1_2' title="bbox 89 380 1052 629">
    <p class='ocr_par' dir='ltr' id='par_1_2' title="bbox 89 380 1052 629">
     <span class='ocr_line' id='line_1_2' title="bbox 91 380 1052 460; baseline 0.002 -17"><span class='ocrx_word' id='word_1_11' title='bbox 91 380 217 452; x_wconf 84' lang='lat' dir='ltr'><strong>avertit,</strong></span> <span class='ocrx_word' id='word_1_12' title='bbox 233 386 263 441; x_wconf 88' lang='lat' dir='ltr'><strong>et</strong></span> <span class='ocrx_word' id='word_1_13' title='bbox 277 391 395 460; x_wconf 85' lang='lat' dir='ltr'><strong>praeter</strong></span> <span class='ocrx_word' id='word_1_14' title='bbox 411 383 580 444; x_wconf 88' lang='lat' dir='ltr'><strong>Latinorum</strong></span> <span class='ocrx_word' id='word_1_15' title='bbox 594 381 716 444; x_wconf 83' lang='lat' dir='ltr'><strong>infidum</strong></span> <span class='ocrx_word' id='word_1_16' title='bbox 730 383 788 444; x_wconf 80' lang='lat' dir='ltr'><strong>iarn</strong></span> <span class='ocrx_word' id='word_1_17' title='bbox 800 382 852 445; x_wconf 90' lang='lat' dir='ltr'><strong>diu</strong></span> <span class='ocrx_word' id='word_1_18' title='bbox 864 382 968 445; x_wconf 80' lang='lat' dir='ltr'><strong>foedus</strong></span> <span class='ocrx_word' id='word_1_19' title='bbox 988 383 1052 445; x_wconf 90' lang='lat' dir='ltr'><strong>Pri·</strong></span> 
     </span>
     <span class='ocr_line' id='line_1_3' title="bbox 89 465 1052 546; baseline 0.006 -22"><span class='ocrx_word' id='word_1_20' title='bbox 89 471 232 527; x_wconf 82' lang='lat' dir='ltr'><strong>rernotes</strong></span> <span class='ocrx_word' id='word_1_21' title='bbox 254 467 341 528; x_wconf 87' lang='lat' dir='ltr'><strong>etiam</strong></span> <span class='ocrx_word' id='word_1_22' title='bbox 367 465 496 528; x_wconf 83' lang='lat' dir='ltr'><strong>Norbam</strong></span> <span class='ocrx_word' id='word_1_23' title='bbox 514 473 600 546; x_wconf 79' lang='lat' dir='ltr'><strong>atqua</strong></span> <span class='ocrx_word' id='word_1_24' title='bbox 616 466 742 535; x_wconf 78' lang='lat' dir='ltr'><strong>Setiam,</strong></span> <span class='ocrx_word' id='word_1_25' title='bbox 764 466 909 528; x_wconf 75' lang='lat' dir='ltr'><strong>finitumus</strong></span> <span class='ocrx_word' id='word_1_26' title='bbox 923 465 1052 530; x_wconf 77' lang='lat' dir='ltr'><strong>colonica</strong></span> 
     </span>
     <span class='ocr_line' id='line_1_4' title="bbox 89 548 831 629; baseline 0.001 -18"><span class='ocrx_word' id='word_1_27' title='bbox 89 550 258 620; x_wconf 79' lang='lat' dir='ltr'><strong>Romanoa,</strong></span> <span class='ocrx_word' id='word_1_28' title='bbox 274 551 443 612; x_wconf 78' lang='lat' dir='ltr'><strong>incursione</strong></span> <span class='ocrx_word' id='word_1_29' title='bbox 458 549 555 611; x_wconf 81' lang='lat' dir='ltr'><strong>subita</strong></span> <span class='ocrx_word' id='word_1_30' title='bbox 570 548 740 629; x_wconf 81' lang='lat' dir='ltr'><strong>depopulati</strong></span> <span class='ocrx_word' id='word_1_31' title='bbox 754 558 831 612; x_wconf 89' lang='lat' dir='ltr'><strong>sunt.</strong></span> 
     </span>
    </p>
   </div>
   <div class='ocr_carea' id='block_1_3' title="bbox 516 770 680 781">
    <p class='ocr_par' dir='ltr' id='par_1_3' title="bbox 516 770 680 781">
     <span class='ocr_line' id='line_1_5' title="bbox 516 770 680 781; baseline -0.012 0"><span class='ocrx_word' id='word_1_32' title='bbox 516 770 680 781; x_wconf 73' lang='lat'><strong>.-—--—</strong></span> 
     </span>
    </p>
   </div>
   <div class='ocr_carea' id='block_1_4' title="bbox 381 951 777 1015">
    <p class='ocr_par' dir='ltr' id='par_1_4' title="bbox 381 951 777 1015">
     <span class='ocr_line' id='line_1_6' title="bbox 381 951 777 1015; baseline 0.013 -5"><span class='ocrx_word' id='word_1_33' title='bbox 381 951 566 1015; x_wconf 73' lang='lat' dir='ltr'><strong>rumonim</strong></span> <span class='ocrx_word' id='word_1_34' title='bbox 586 952 685 1015; x_wconf 85' lang='lat' dir='ltr'>LIBRI</span> <span class='ocrx_word' id='word_1_35' title='bbox 705 953 777 1015; x_wconf 84' lang='lat' dir='ltr'><strong>vui.</strong></span> 
     </span>
    </p>
   </div>
   <div class='ocr_carea' id='block_1_5' title="bbox 74 1104 1055 2961">
    <p class='ocr_par' dir='ltr' id='par_1_5' title="bbox 86 1104 1053 1517">
     <span class='ocr_line' id='line_1_7' title="bbox 142 1104 1052 1173; baseline 0 -19"><span class='ocrx_word' id='word_1_36' title='bbox 142 1105 228 1154; x_wconf 88' lang='lat' dir='ltr'><strong>Latini</strong></span> <span class='ocrx_word' id='word_1_37' title='bbox 247 1118 304 1154; x_wconf 83' lang='lat' dir='ltr'><strong>cnm</strong></span> <span class='ocrx_word' id='word_1_38' title='bbox 322 1104 457 1171; x_wconf 79' lang='lat' dir='ltr'><strong>Campanis</strong></span> <span class='ocrx_word' id='word_1_39' title='bbox 482 1104 599 1155; x_wconf 87' lang='lat' dir='ltr'><strong>deiecere</strong></span> <span class='ocrx_word' id='word_1_40' title='bbox 624 1114 649 1155; x_wconf 85' lang='lat' dir='ltr'><strong>et</strong></span> <span class='ocrx_word' id='word_1_41' title='bbox 673 1109 759 1157; x_wconf 81' lang='lat' dir='ltr'><strong>missia</strong></span> <span class='ocrx_word' id='word_1_42' title='bbox 778 1105 868 1173; x_wconf 71' lang='lat' dir='ltr'><strong>legatis</strong></span> <span class='ocrx_word' id='word_1_43' title='bbox 886 1107 919 1156; x_wconf 91' lang='lat' dir='ltr'><strong>ad</strong></span> <span class='ocrx_word' id='word_1_44' title='bbox 938 1114 1052 1155; x_wconf 82' lang='lat' dir='ltr'><strong>renatum</strong></span> 
     </span>
     <span class='ocr_line' id='line_1_8' title="bbox 87 1172 1052 1240; baseline -0.002 -15"><span class='ocrx_word' id='word_1_45' title='bbox 87 1174 273 1225; x_wconf 86' lang='lat' dir='ltr'><strong>condicionem</strong></span> <span class='ocrx_word' id='word_1_46' title='bbox 286 1172 411 1237; x_wconf 87' lang='lat' dir='ltr'><strong>tniemnt,</strong></span> <span class='ocrx_word' id='word_1_47' title='bbox 425 1184 467 1233; x_wconf 88' lang='lat' dir='ltr'><strong>nt,</strong></span> <span class='ocrx_word' id='word_1_48' title='bbox 479 1175 501 1223; x_wconf 86' lang='lat' dir='ltr'><strong>ai</strong></span> <span class='ocrx_word' id='word_1_49' title='bbox 513 1189 602 1240; x_wconf 88' lang='lat' dir='ltr'><strong>pacem</strong></span> <span class='ocrx_word' id='word_1_50' title='bbox 615 1173 708 1226; x_wconf 84' lang='lat' dir='ltr'><strong>habere</strong></span> <span class='ocrx_word' id='word_1_51' title='bbox 719 1174 826 1240; x_wconf 80' lang='lat' dir='ltr'><strong>velient,</strong></span> <span class='ocrx_word' id='word_1_52' title='bbox 839 1174 945 1225; x_wconf 87' lang='lat' dir='ltr'><strong>aiterum</strong></span> <span class='ocrx_word' id='word_1_53' title='bbox 957 1189 989 1223; x_wconf 86' lang='lat' dir='ltr'><strong>ex</strong></span> <span class='ocrx_word' id='word_1_54' title='bbox 1005 1173 1052 1223; x_wconf 84' lang='lat' dir='ltr'><strong>Le-</strong></span> 
     </span>
     <span class='ocr_line' id='line_1_9' title="bbox 86 1241 1052 1310; baseline -0.002 -17"><span class='ocrx_word' id='word_1_55' title='bbox 86 1244 155 1294; x_wconf 85' lang='lat' dir='ltr'><strong>tinia</strong></span> <span class='ocrx_word' id='word_1_56' title='bbox 168 1242 298 1291; x_wconf 87' lang='lat' dir='ltr'><strong>consuiem</strong></span> <span class='ocrx_word' id='word_1_57' title='bbox 312 1241 431 1293; x_wconf 84' lang='lat' dir='ltr'><strong>iacerent.</strong></span> <span class='ocrx_word' id='word_1_58' title='bbox 463 1257 514 1307; x_wconf 90' lang='lat' dir='ltr'><strong>qna</strong></span> <span class='ocrx_word' id='word_1_59' title='bbox 533 1244 662 1310; x_wconf 72' lang='lat' dir='ltr'>legatione</span> <span class='ocrx_word' id='word_1_60' title='bbox 674 1242 771 1308; x_wconf 83' lang='lat' dir='ltr'><strong>perlata</strong></span> <span class='ocrx_word' id='word_1_61' title='bbox 782 1250 884 1310; x_wconf 77' lang='lat' dir='ltr'><strong>praetor</strong></span> <span class='ocrx_word' id='word_1_62' title='bbox 895 1257 981 1294; x_wconf 87' lang='lat' dir='ltr'><strong>eorum</strong></span> <span class='ocrx_word' id='word_1_63' title='bbox 1000 1243 1052 1291; x_wconf 75' lang='lat' dir='ltr'><strong>An·</strong></span> 
     </span>
     <span class='ocr_line' id='line_1_10' title="bbox 86 1309 1052 1378; baseline -0.002 -16"><span class='ocrx_word' id='word_1_64' title='bbox 86 1314 153 1362; x_wconf 86' lang='lat' dir='ltr'><strong>uina</strong></span> <span class='ocrx_word' id='word_1_65' title='bbox 168 1312 200 1360; x_wconf 87' lang='lat' dir='ltr'><strong>de</strong></span> <span class='ocrx_word' id='word_1_66' title='bbox 218 1309 341 1377; x_wconf 83' lang='lat' dir='ltr'><strong>Capitolio</strong></span> <span class='ocrx_word' id='word_1_67' title='bbox 358 1312 394 1360; x_wconf 92' lang='lat' dir='ltr'><strong>ita</strong></span> <span class='ocrx_word' id='word_1_68' title='bbox 406 1311 542 1378; x_wconf 73' lang='lat' dir='ltr'><strong>proinpana</strong></span> <span class='ocrx_word' id='word_1_69' title='bbox 557 1322 609 1374; x_wconf 82' lang='lat' dir='ltr'><strong>est,</strong></span> <span class='ocrx_word' id='word_1_70' title='bbox 630 1319 658 1360; x_wconf 90' lang='lat' dir='ltr'><strong>nt</strong></span> <span class='ocrx_word' id='word_1_71' title='bbox 675 1313 871 1362; x_wconf 82' lang='lat' dir='ltr'><strong>exanimaretur.</strong></span> <span class='ocrx_word' id='word_1_72' title='bbox 899 1312 927 1363; x_wconf 84' lang='lat' dir='ltr'><strong>T.</strong></span> <span class='ocrx_word' id='word_1_73' title='bbox 944 1310 1052 1360; x_wconf 83' lang='lat' dir='ltr'><strong>bianiina</strong></span> 
     </span>
     <span class='ocr_line' id='line_1_11' title="bbox 86 1379 1053 1447; baseline -0.003 -16"><span class='ocrx_word' id='word_1_74' title='bbox 86 1380 185 1431; x_wconf 84' lang='lat' dir='ltr'><strong>consui</strong></span> <span class='ocrx_word' id='word_1_75' title='bbox 200 1379 294 1443; x_wconf 85' lang='lat' dir='ltr'><strong>fliium,</strong></span> <span class='ocrx_word' id='word_1_76' title='bbox 313 1379 382 1444; x_wconf 89' lang='lat' dir='ltr'><strong>qnod</strong></span> <span class='ocrx_word' id='word_1_77' title='bbox 399 1389 487 1430; x_wconf 87' lang='lat' dir='ltr'><strong>contra</strong></span> <span class='ocrx_word' id='word_1_78' title='bbox 505 1381 614 1430; x_wconf 89' lang='lat' dir='ltr'><strong>edictum</strong></span> <span class='ocrx_word' id='word_1_79' title='bbox 631 1382 688 1431; x_wconf 88' lang='lat' dir='ltr'><strong>eina</strong></span> <span class='ocrx_word' id='word_1_80' title='bbox 700 1382 821 1432; x_wconf 81' lang='lat' dir='ltr'><strong>adversus</strong></span> <span class='ocrx_word' id='word_1_81' title='bbox 837 1380 940 1430; x_wconf 83' lang='lat' dir='ltr'><strong>Latinos</strong></span> <span class='ocrx_word' id='word_1_82' title='bbox 954 1393 1053 1447; x_wconf 76' lang='lat' dir='ltr'><strong>pugna·</strong></span> 
     </span>
     <span class='ocr_line' id='line_1_12' title="bbox 86 1448 1053 1517; baseline -0.004 -17"><span class='ocrx_word' id='word_1_83' title='bbox 86 1457 181 1509; x_wconf 83' lang='lat' dir='ltr'><strong>verat,</strong></span> <span class='ocrx_word' id='word_1_84' title='bbox 195 1448 311 1512; x_wconf 83' lang='lat' dir='ltr'><strong>quamvis</strong></span> <span class='ocrx_word' id='word_1_85' title='bbox 323 1463 446 1514; x_wconf 82' lang='lat' dir='ltr'><strong>prospere</strong></span> <span class='ocrx_word' id='word_1_86' title='bbox 459 1459 615 1515; x_wconf 77' lang='lat' dir='ltr'><strong>pugnasset,</strong></span> <span class='ocrx_word' id='word_1_87' title='bbox 634 1451 716 1499; x_wconf 88' lang='lat' dir='ltr'><strong>aecnri</strong></span> <span class='ocrx_word' id='word_1_88' title='bbox 727 1450 861 1517; x_wconf 79' lang='lat' dir='ltr'><strong>percussit.</strong></span> <span class='ocrx_word' id='word_1_89' title='bbox 882 1449 1053 1500; x_wconf 82' lang='lat' dir='ltr'><strong>laborantibus</strong></span> 
     </span>
    </p>

    <p class='ocr_par' dir='ltr' id='par_1_6' title="bbox 74 1516 1055 2961">
     <span class='ocr_line' id='line_1_13' title="bbox 74 1516 1052 1583; baseline -0.004 -14"><span class='ocrx_word' id='word_1_90' title='bbox 74 1522 121 1583; x_wconf 17' lang='lat' dir='ltr'><strong>‘in</strong></span> <span class='ocrx_word' id='word_1_91' title='bbox 141 1518 196 1566; x_wconf 81' lang='lat' dir='ltr'><strong>acie</strong></span> <span class='ocrx_word' id='word_1_92' title='bbox 215 1516 336 1567; x_wconf 82' lang='lat' dir='ltr'><strong>Romania</strong></span> <span class='ocrx_word' id='word_1_93' title='bbox 349 1517 377 1566; x_wconf 89' lang='lat' dir='ltr'><strong>P.</strong></span> <span class='ocrx_word' id='word_1_94' title='bbox 390 1518 496 1580; x_wconf 82' lang='lat' dir='ltr'><strong>Dacica,</strong></span> <span class='ocrx_word' id='word_1_95' title='bbox 516 1525 576 1567; x_wconf 88' lang='lat' dir='ltr'><strong>tnnc</strong></span> <span class='ocrx_word' id='word_1_96' title='bbox 592 1518 681 1569; x_wconf 88' lang='lat' dir='ltr'><strong>conani</strong></span> <span class='ocrx_word' id='word_1_97' title='bbox 699 1534 756 1569; x_wconf 91' lang='lat' dir='ltr'><strong>cnm</strong></span> <span class='ocrx_word' id='word_1_98' title='bbox 775 1518 882 1582; x_wconf 82' lang='lat' dir='ltr'><strong>bianiio,</strong></span> <span class='ocrx_word' id='word_1_99' title='bbox 902 1517 1005 1568; x_wconf 84' lang='lat' dir='ltr'><strong>devovit</strong></span> <span class='ocrx_word' id='word_1_100' title='bbox 1025 1532 1052 1566; x_wconf 80' lang='lat' dir='ltr'><strong>ca</strong></span> 
     </span>
     <span class='ocr_line' id='line_1_14' title="bbox 87 1585 1051 1708; baseline -0.004 -2"><span class='ocrx_word' id='word_1_101' title='bbox 87 1585 1051 1708; x_wconf 57' lang='lat' dir='ltr'><strong>iitiitii‘iistiit‘iti:iit‚ittditiitit’ittiiiiii</strong></span> 
     </span>
     <span class='ocr_line' id='line_1_15' title="bbox 88 1723 1052 1777; baseline -0.005 -1"><span class='ocrx_word' id='word_1_102' title='bbox 88 1728 191 1776; x_wconf 85' lang='lat' dir='ltr'><strong>tionem</strong></span> <span class='ocrx_word' id='word_1_103' title='bbox 203 1730 335 1777; x_wconf 85' lang='lat' dir='ltr'><strong>venerunt.</strong></span> <span class='ocrx_word' id='word_1_104' title='bbox 365 1724 394 1773; x_wconf 82' lang='grc' dir='ltr'><strong>Τ.</strong></span> <span class='ocrx_word' id='word_1_105' title='bbox 409 1723 501 1773; x_wconf 85' lang='lat' dir='ltr'><strong>Manlio</strong></span> <span class='ocrx_word' id='word_1_106' title='bbox 521 1725 547 1774; x_wconf 89' lang='lat' dir='ltr'><strong>in</strong></span> <span class='ocrx_word' id='word_1_107' title='bbox 566 1724 655 1774; x_wconf 88' lang='lat' dir='ltr'><strong>urbem</strong></span> <span class='ocrx_word' id='word_1_108' title='bbox 667 1740 770 1775; x_wconf 83' lang='lat' dir='ltr'><strong>reverso</strong></span> <span class='ocrx_word' id='word_1_109' title='bbox 784 1737 857 1774; x_wconf 87' lang='lat' dir='ltr'><strong>nemo</strong></span> <span class='ocrx_word' id='word_1_110' title='bbox 875 1739 908 1772; x_wconf 84' lang='lat' dir='ltr'><strong>ex</strong></span> <span class='ocrx_word' id='word_1_111' title='bbox 923 1724 1052 1774; x_wconf 82' lang='lat' dir='ltr'><strong>inventute</strong></span> 
     </span>
     <span class='ocr_line' id='line_1_16' title="bbox 90 1791 1052 1859; baseline -0.003 -15"><span class='ocrx_word' id='word_1_112' title='bbox 90 1795 199 1845; x_wconf 86' lang='lat' dir='ltr'><strong>obviam</strong></span> <span class='ocrx_word' id='word_1_113' title='bbox 208 1792 340 1859; x_wconf 84' lang='lat' dir='ltr'><strong>processit.</strong></span> <span class='ocrx_word' id='word_1_114' title='bbox 360 1791 469 1843; x_wconf 84' lang='lat' dir='ltr'><strong>Minucia</strong></span> <span class='ocrx_word' id='word_1_115' title='bbox 479 1793 552 1859; x_wconf 76' lang='lat' dir='ltr'><strong>virgo</strong></span> <span class='ocrx_word' id='word_1_116' title='bbox 562 1793 770 1844; x_wconf 81' lang='lat' dir='ltr'><strong>Vestaiiaincesti</strong></span> <span class='ocrx_word' id='word_1_117' title='bbox 778 1793 896 1843; x_wconf 88' lang='lat' dir='ltr'><strong>damnata</strong></span> <span class='ocrx_word' id='word_1_118' title='bbox 904 1801 950 1842; x_wconf 84' lang='lat' dir='ltr'><strong>eat.</strong></span> <span class='ocrx_word' id='word_1_119' title='bbox 968 1792 1052 1841; x_wconf 76' lang='lat' dir='ltr'><strong>Anao·</strong></span> 
     </span>
     <span class='ocr_line' id='line_1_17' title="bbox 91 1861 1053 1928; baseline -0.005 -15"><span class='ocrx_word' id='word_1_120' title='bbox 91 1864 173 1913; x_wconf 80' lang='lat' dir='ltr'><strong>nibus</strong></span> <span class='ocrx_word' id='word_1_121' title='bbox 185 1862 276 1923; x_wconf 80' lang='lat' dir='ltr'><strong>victis,</strong></span> <span class='ocrx_word' id='word_1_122' title='bbox 292 1862 385 1926; x_wconf 92' lang='lat' dir='ltr'><strong>oppido</strong></span> <span class='ocrx_word' id='word_1_123' title='bbox 399 1876 430 1910; x_wconf 83' lang='lat' dir='ltr'><strong>ex</strong></span> <span class='ocrx_word' id='word_1_124' title='bbox 443 1861 476 1912; x_wconf 90' lang='lat' dir='ltr'><strong>iia</strong></span> <span class='ocrx_word' id='word_1_125' title='bbox 487 1871 576 1928; x_wconf 80' lang='lat' dir='ltr'><strong>cepto,</strong></span> <span class='ocrx_word' id='word_1_126' title='bbox 593 1861 665 1911; x_wconf 81' lang='lat' dir='ltr'><strong>Celes</strong></span> <span class='ocrx_word' id='word_1_127' title='bbox 681 1863 781 1913; x_wconf 91' lang='lat' dir='ltr'><strong>colonia</strong></span> <span class='ocrx_word' id='word_1_128' title='bbox 803 1862 912 1911; x_wconf 83' lang='lat' dir='ltr'><strong>deducta</strong></span> <span class='ocrx_word' id='word_1_129' title='bbox 928 1869 979 1921; x_wconf 79' lang='lat' dir='ltr'><strong>eat3</strong></span> <span class='ocrx_word' id='word_1_130' title='bbox 993 1861 1053 1909; x_wconf 90' lang='lat' dir='ltr'><strong>item</strong></span> 
     </span>
     <span class='ocr_line' id='line_1_18' title="bbox 91 1928 1053 1997; baseline -0.007 -15"><span class='ocrx_word' id='word_1_131' title='bbox 91 1930 231 1997; x_wconf 75' lang='lat' dir='ltr'><strong>Fregellae</strong></span> <span class='ocrx_word' id='word_1_132' title='bbox 244 1928 344 1979; x_wconf 89' lang='lat' dir='ltr'><strong>colonia</strong></span> <span class='ocrx_word' id='word_1_133' title='bbox 360 1930 468 1980; x_wconf 86' lang='lat' dir='ltr'><strong>deducta</strong></span> <span class='ocrx_word' id='word_1_134' title='bbox 480 1941 526 1980; x_wconf 86' lang='lat' dir='ltr'><strong>eat.</strong></span> <span class='ocrx_word' id='word_1_135' title='bbox 550 1930 699 1980; x_wconf 78' lang='lat' dir='ltr'><strong>veneficium</strong></span> <span class='ocrx_word' id='word_1_136' title='bbox 711 1930 870 1997; x_wconf 75' lang='lat' dir='ltr'><strong>conplurium</strong></span> <span class='ocrx_word' id='word_1_137' title='bbox 882 1937 1053 1980; x_wconf 88' lang='lat' dir='ltr'><strong>matronarum</strong></span> 
     </span>
     <span class='ocr_line' id='line_1_19' title="bbox 93 1996 1053 2067; baseline -0.005 -17"><span class='ocrx_word' id='word_1_138' title='bbox 93 1999 287 2067; x_wconf 84' lang='lat' dir='ltr'><strong>deprehensum</strong></span> <span class='ocrx_word' id='word_1_139' title='bbox 300 2006 351 2062; x_wconf 73' lang='lat' dir='ltr'><strong>eat,</strong></span> <span class='ocrx_word' id='word_1_140' title='bbox 364 2000 499 2061; x_wconf 81' lang='lat' dir='ltr'><strong>exquibus</strong></span> <span class='ocrx_word' id='word_1_141' title='bbox 514 1999 636 2065; x_wconf 88' lang='lat' dir='ltr'><strong>plurimae</strong></span> <span class='ocrx_word' id='word_1_142' title='bbox 650 2001 733 2050; x_wconf 87' lang='lat' dir='ltr'><strong>atatim</strong></span> <span class='ocrx_word' id='word_1_143' title='bbox 745 2000 828 2065; x_wconf 80' lang='lat' dir='ltr'><strong>cpctia</strong></span> <span class='ocrx_word' id='word_1_144' title='bbox 843 1996 1053 2049; x_wconf 70' lang='lat' dir='ltr'><strong>medicaminibus</strong></span> 
     </span>
     <span class='ocr_line' id='line_1_20' title="bbox 93 2065 1053 2136; baseline -0.005 -18"><span class='ocrx_word' id='word_1_145' title='bbox 93 2069 236 2136; x_wconf 87' lang='lat' dir='ltr'><strong>perierunt.</strong></span> <span class='ocrx_word' id='word_1_146' title='bbox 263 2067 305 2116; x_wconf 84' lang='lat' dir='ltr'><strong>lex</strong></span> <span class='ocrx_word' id='word_1_147' title='bbox 318 2068 350 2117; x_wconf 91' lang='lat' dir='ltr'><strong>dc</strong></span> <span class='ocrx_word' id='word_1_148' title='bbox 362 2067 484 2117; x_wconf 79' lang='lat' dir='ltr'><strong>veneficio</strong></span> <span class='ocrx_word' id='word_1_149' title='bbox 496 2076 554 2116; x_wconf 91' lang='lat' dir='ltr'><strong>tunc</strong></span> <span class='ocrx_word' id='word_1_150' title='bbox 565 2070 675 2134; x_wconf 86' lang='lat' dir='ltr'><strong>primum</strong></span> <span class='ocrx_word' id='word_1_151' title='bbox 686 2069 820 2117; x_wconf 82' lang='lat' dir='ltr'><strong>constituta</strong></span> <span class='ocrx_word' id='word_1_152' title='bbox 831 2076 878 2117; x_wconf 87' lang='lat' dir='ltr'><strong>eat.</strong></span> <span class='ocrx_word' id='word_1_153' title='bbox 902 2065 1053 2116; x_wconf 79' lang='lat' dir='ltr'><strong>Privernati·</strong></span> 
     </span>
     <span class='ocr_line' id='line_1_21' title="bbox 94 2132 1053 2200; baseline -0.008 -12"><span class='ocrx_word' id='word_1_154' title='bbox 94 2142 162 2199; x_wconf 85' lang='lat' dir='ltr'><strong>bus,</strong></span> <span class='ocrx_word' id='word_1_155' title='bbox 185 2151 243 2185; x_wconf 90' lang='lat' dir='ltr'><strong>onm</strong></span> <span class='ocrx_word' id='word_1_156' title='bbox 259 2135 440 2194; x_wconf 83' lang='lat' dir='ltr'><strong>rebellassent,</strong></span> <span class='ocrx_word' id='word_1_157' title='bbox 460 2137 533 2185; x_wconf 85' lang='lat' dir='ltr'><strong>rictia</strong></span> <span class='ocrx_word' id='word_1_158' title='bbox 548 2137 638 2185; x_wconf 81' lang='lat' dir='ltr'><strong>civitas</strong></span> <span class='ocrx_word' id='word_1_159' title='bbox 658 2136 717 2185; x_wconf 84' lang='lat' dir='ltr'><strong>deta</strong></span> <span class='ocrx_word' id='word_1_160' title='bbox 732 2144 780 2186; x_wconf 86' lang='lat' dir='ltr'><strong>eat.</strong></span> <span class='ocrx_word' id='word_1_161' title='bbox 814 2134 971 2200; x_wconf 73' lang='lat' dir='ltr'><strong>Neapolitani</strong></span> <span class='ocrx_word' id='word_1_162' title='bbox 987 2132 1053 2182; x_wconf 87' lang='lat' dir='ltr'><strong>beiio</strong></span> 
     </span>
     <span class='ocr_line' id='line_1_22' title="bbox 95 2199 1054 2265; baseline -0.009 -8"><span class='ocrx_word' id='word_1_163' title='bbox 95 2217 120 2257; x_wconf 87' lang='lat' dir='ltr'><strong>et</strong></span> <span class='ocrx_word' id='word_1_164' title='bbox 134 2205 268 2256; x_wconf 85' lang='lat' dir='ltr'><strong>obsidione</strong></span> <span class='ocrx_word' id='word_1_165' title='bbox 280 2205 341 2254; x_wconf 80' lang='lat' dir='ltr'><strong>vieti</strong></span> <span class='ocrx_word' id='word_1_166' title='bbox 353 2207 380 2253; x_wconf 92' lang='lat' dir='ltr'><strong>in</strong></span> <span class='ocrx_word' id='word_1_167' title='bbox 392 2204 546 2253; x_wconf 86' lang='lat' dir='ltr'><strong>deditionem</strong></span> <span class='ocrx_word' id='word_1_168' title='bbox 558 2214 690 2252; x_wconf 84' lang='lat' dir='ltr'><strong>venerunt.</strong></span> <span class='ocrx_word' id='word_1_169' title='bbox 716 2202 746 2262; x_wconf 83' lang='lat' dir='ltr'><strong>Q.</strong></span> <span class='ocrx_word' id='word_1_170' title='bbox 763 2201 887 2264; x_wconf 80' lang='lat' dir='ltr'><strong>Publilio,</strong></span> <span class='ocrx_word' id='word_1_171' title='bbox 898 2202 942 2265; x_wconf 86' lang='lat' dir='ltr'><strong>qni</strong></span> <span class='ocrx_word' id='word_1_172' title='bbox 952 2215 996 2250; x_wconf 83' lang='lat' dir='ltr'><strong>eos</strong></span> <span class='ocrx_word' id='word_1_173' title='bbox 1009 2199 1054 2249; x_wconf 93' lang='lat' dir='ltr'><strong>ob·</strong></span> 
     </span>
     <span class='ocr_line' id='line_1_23' title="bbox 96 2266 1053 2341; baseline -0.011 -15"><span class='ocrx_word' id='word_1_174' title='bbox 96 2276 214 2337; x_wconf 83' lang='lat' dir='ltr'><strong>sederat,</strong></span> <span class='ocrx_word' id='word_1_175' title='bbox 227 2275 308 2341; x_wconf 88' lang='lat' dir='ltr'><strong>primo</strong></span> <span class='ocrx_word' id='word_1_176' title='bbox 325 2281 350 2322; x_wconf 90' lang='lat' dir='ltr'><strong>at</strong></span> <span class='ocrx_word' id='word_1_177' title='bbox 360 2275 494 2340; x_wconf 88' lang='lat' dir='ltr'><strong>imperium</strong></span> <span class='ocrx_word' id='word_1_178' title='bbox 506 2273 632 2339; x_wconf 84' lang='lat' dir='ltr'><strong>prolatum</strong></span> <span class='ocrx_word' id='word_1_179' title='bbox 647 2281 686 2320; x_wconf 83' lang='lat' dir='ltr'><strong>est</strong></span> <span class='ocrx_word' id='word_1_180' title='bbox 701 2282 725 2320; x_wconf 89' lang='lat' dir='ltr'><strong>et</strong></span> <span class='ocrx_word' id='word_1_181' title='bbox 738 2285 784 2337; x_wconf 94' lang='lat' dir='ltr'><strong>pro</strong></span> <span class='ocrx_word' id='word_1_182' title='bbox 796 2269 900 2320; x_wconf 82' lang='lat' dir='ltr'><strong>consule</strong></span> <span class='ocrx_word' id='word_1_183' title='bbox 912 2266 1053 2331; x_wconf 85' lang='lat' dir='ltr'><strong>triumphua</strong></span> 
     </span>
     <span class='ocr_line' id='line_1_24' title="bbox 96 2335 1054 2410; baseline -0.011 -16"><span class='ocrx_word' id='word_1_184' title='bbox 96 2345 225 2395; x_wconf 86' lang='lat' dir='ltr'><strong>decretus.</strong></span> <span class='ocrx_word' id='word_1_185' title='bbox 250 2342 324 2410; x_wconf 84' lang='lat' dir='ltr'><strong>piebs</strong></span> <span class='ocrx_word' id='word_1_186' title='bbox 337 2357 404 2392; x_wconf 88' lang='lat' dir='ltr'><strong>naxn</strong></span> <span class='ocrx_word' id='word_1_187' title='bbox 419 2342 525 2392; x_wconf 88' lang='lat' dir='ltr'><strong>liberata</strong></span> <span class='ocrx_word' id='word_1_188' title='bbox 541 2351 581 2392; x_wconf 88' lang='lat' dir='ltr'><strong>eat</strong></span> <span class='ocrx_word' id='word_1_189' title='bbox 594 2349 698 2407; x_wconf 90' lang='lat' dir='ltr'><strong>propter</strong></span> <span class='ocrx_word' id='word_1_190' title='bbox 712 2339 741 2390; x_wconf 97' lang='lat' dir='ltr'><strong>L.</strong></span> <span class='ocrx_word' id='word_1_191' title='bbox 754 2339 836 2405; x_wconf 88' lang='lat' dir='ltr'><strong>Papiri</strong></span> <span class='ocrx_word' id='word_1_192' title='bbox 851 2336 983 2387; x_wconf 79' lang='lat' dir='ltr'><strong>creditoris</strong></span> <span class='ocrx_word' id='word_1_193' title='bbox 997 2335 1054 2384; x_wconf 89' lang='lat' dir='ltr'><strong>iibi-</strong></span> 
     </span>
     <span class='ocr_line' id='line_1_25' title="bbox 95 2406 1053 2476; baseline -0.01 -14"><span class='ocrx_word' id='word_1_194' title='bbox 95 2414 199 2474; x_wconf 85' lang='lat' dir='ltr'><strong>dinem‚</strong></span> <span class='ocrx_word' id='word_1_195' title='bbox 216 2414 259 2475; x_wconf 90' lang='lat' dir='ltr'><strong>qni</strong></span> <span class='ocrx_word' id='word_1_196' title='bbox 271 2410 299 2465; x_wconf 81' lang='lat'><strong>0.</strong></span> <span class='ocrx_word' id='word_1_197' title='bbox 311 2411 418 2461; x_wconf 86' lang='lat' dir='ltr'><strong>Publilio</strong></span> <span class='ocrx_word' id='word_1_198' title='bbox 432 2411 539 2461; x_wconf 83' lang='lat' dir='ltr'><strong>debitori</strong></span> <span class='ocrx_word' id='word_1_199' title='bbox 551 2425 596 2461; x_wconf 81' lang='lat' dir='ltr'><strong>suo</strong></span> <span class='ocrx_word' id='word_1_200' title='bbox 611 2421 725 2476; x_wconf 86' lang='lat' dir='ltr'><strong>stuprum</strong></span> <span class='ocrx_word' id='word_1_201' title='bbox 740 2407 833 2458; x_wconf 88' lang='lat' dir='ltr'><strong>inierre</strong></span> <span class='ocrx_word' id='word_1_202' title='bbox 848 2406 971 2456; x_wconf 85' lang='lat' dir='ltr'><strong>voluerat.</strong></span> <span class='ocrx_word' id='word_1_203' title='bbox 998 2418 1053 2453; x_wconf 87' lang='lat' dir='ltr'><strong>curn</strong></span> 
     </span>
     <span class='ocr_line' id='line_1_26' title="bbox 96 2474 1055 2547; baseline -0.014 -14"><span class='ocrx_word' id='word_1_204' title='bbox 96 2483 125 2534; x_wconf 88' lang='lat' dir='ltr'><strong>L.</strong></span> <span class='ocrx_word' id='word_1_205' title='bbox 138 2480 255 2547; x_wconf 88' lang='lat' dir='ltr'><strong>Papirius</strong></span> <span class='ocrx_word' id='word_1_206' title='bbox 272 2480 368 2531; x_wconf 73' lang='lat' dir='ltr'><strong>Cursor</strong></span> <span class='ocrx_word' id='word_1_207' title='bbox 382 2480 488 2529; x_wconf 88' lang='lat' dir='ltr'><strong>dictator</strong></span> <span class='ocrx_word' id='word_1_208' title='bbox 508 2495 627 2529; x_wconf 84' lang='lat' dir='ltr'><strong>reversus</strong></span> <span class='ocrx_word' id='word_1_209' title='bbox 645 2481 672 2527; x_wconf 92' lang='lat' dir='ltr'><strong>in</strong></span> <span class='ocrx_word' id='word_1_210' title='bbox 692 2480 780 2528; x_wconf 87' lang='lat' dir='ltr'><strong>urbem</strong></span> <span class='ocrx_word' id='word_1_211' title='bbox 802 2477 833 2527; x_wconf 90' lang='lat' dir='ltr'><strong>ab</strong></span> <span class='ocrx_word' id='word_1_212' title='bbox 853 2474 965 2526; x_wconf 82' lang='lat' dir='ltr'><strong>exercitu</strong></span> <span class='ocrx_word' id='word_1_213' title='bbox 988 2482 1055 2522; x_wconf 83' lang='lat' dir='ltr'><strong>esset</strong></span> 
     </span>
     <span class='ocr_line' id='line_1_27' title="bbox 94 2543 1054 2619; baseline -0.013 -18"><span class='ocrx_word' id='word_1_214' title='bbox 94 2559 203 2619; x_wconf 89' lang='lat' dir='ltr'><strong>propter</strong></span> <span class='ocrx_word' id='word_1_215' title='bbox 214 2550 329 2616; x_wconf 84' lang='lat' dir='ltr'><strong>auspicia</strong></span> <span class='ocrx_word' id='word_1_216' title='bbox 338 2549 487 2615; x_wconf 86' lang='lat' dir='ltr'><strong>repetenda,</strong></span> <span class='ocrx_word' id='word_1_217' title='bbox 504 2548 533 2608; x_wconf 79' lang='grc'><strong>0.</strong></span> <span class='ocrx_word' id='word_1_218' title='bbox 546 2549 639 2599; x_wconf 72' lang='lat' dir='ltr'><strong>Fabius</strong></span> <span class='ocrx_word' id='word_1_219' title='bbox 651 2548 774 2615; x_wconf 75' lang='lat' dir='ltr'><strong>magister</strong></span> <span class='ocrx_word' id='word_1_220' title='bbox 785 2548 908 2610; x_wconf 88' lang='lat' dir='ltr'><strong>equitnm,</strong></span> <span class='ocrx_word' id='word_1_221' title='bbox 924 2543 1054 2593; x_wconf 70' lang='lat' dir='ltr'><strong>occasione</strong></span> 
     </span>
     <span class='ocr_line' id='line_1_28' title="bbox 95 2612 1054 2684; baseline -0.011 -13"><span class='ocrx_word' id='word_1_222' title='bbox 95 2622 161 2671; x_wconf 88' lang='lat' dir='ltr'><strong>benc</strong></span> <span class='ocrx_word' id='word_1_223' title='bbox 175 2617 304 2684; x_wconf 75' lang='lat' dir='ltr'><strong>gerendae</strong></span> <span class='ocrx_word' id='word_1_224' title='bbox 317 2618 353 2667; x_wconf 88' lang='lat' dir='ltr'><strong>rei</strong></span> <span class='ocrx_word' id='word_1_225' title='bbox 364 2619 497 2680; x_wconf 85' lang='lat' dir='ltr'><strong>invitatus,</strong></span> <span class='ocrx_word' id='word_1_226' title='bbox 514 2626 600 2667; x_wconf 87' lang='lat' dir='ltr'><strong>contra</strong></span> <span class='ocrx_word' id='word_1_227' title='bbox 613 2618 722 2667; x_wconf 87' lang='lat' dir='ltr'><strong>edictum</strong></span> <span class='ocrx_word' id='word_1_228' title='bbox 734 2618 788 2666; x_wconf 90' lang='lat' dir='ltr'><strong>eina</strong></span> <span class='ocrx_word' id='word_1_229' title='bbox 799 2628 920 2682; x_wconf 82' lang='lat' dir='ltr'><strong>prospere</strong></span> <span class='ocrx_word' id='word_1_230' title='bbox 932 2612 1054 2662; x_wconf 83' lang='lat' dir='ltr'><strong>adveraua</strong></span> 
     </span>
     <span class='ocr_line' id='line_1_29' title="bbox 96 2680 1055 2754; baseline -0.011 -15"><span class='ocrx_word' id='word_1_231' title='bbox 96 2688 226 2739; x_wconf 81' lang='lat' dir='ltr'><strong>Samnites</strong></span> <span class='ocrx_word' id='word_1_232' title='bbox 238 2687 371 2754; x_wconf 72' lang='lat' dir='ltr'><strong>pugnavit.</strong></span> <span class='ocrx_word' id='word_1_233' title='bbox 394 2687 426 2737; x_wconf 90' lang='lat' dir='ltr'><strong>ob</strong></span> <span class='ocrx_word' id='word_1_234' title='bbox 439 2701 495 2735; x_wconf 89' lang='lat' dir='ltr'><strong>eam</strong></span> <span class='ocrx_word' id='word_1_235' title='bbox 504 2701 606 2736; x_wconf 81' lang='lat' dir='ltr'><strong>canaam</strong></span> <span class='ocrx_word' id='word_1_236' title='bbox 621 2701 679 2736; x_wconf 87' lang='lat' dir='ltr'><strong>cnm</strong></span> <span class='ocrx_word' id='word_1_237' title='bbox 689 2686 796 2736; x_wconf 84' lang='lat' dir='ltr'><strong>dictator</strong></span> <span class='ocrx_word' id='word_1_238' title='bbox 806 2685 838 2734; x_wconf 83' lang='lat' dir='ltr'><strong>de</strong></span> <span class='ocrx_word' id='word_1_239' title='bbox 851 2683 973 2749; x_wconf 74' lang='lat' dir='ltr'><strong>magistro</strong></span> <span class='ocrx_word' id='word_1_240' title='bbox 983 2680 1055 2744; x_wconf 86' lang='lat' dir='ltr'><strong>equi·</strong></span> 
     </span>
     <span class='ocr_line' id='line_1_30' title="bbox 96 2748 1054 2822; baseline -0.011 -14"><span class='ocrx_word' id='word_1_241' title='bbox 96 2767 152 2808; x_wconf 87' lang='lat' dir='ltr'><strong>tum</strong></span> <span class='ocrx_word' id='word_1_242' title='bbox 163 2756 318 2820; x_wconf 81' lang='lat' dir='ltr'><strong>supplicium</strong></span> <span class='ocrx_word' id='word_1_243' title='bbox 332 2764 477 2822; x_wconf 86' lang='lat' dir='ltr'><strong>anmptnrns</strong></span> <span class='ocrx_word' id='word_1_244' title='bbox 488 2756 630 2820; x_wconf 84' lang='lat' dir='ltr'><strong>videretur,</strong></span> <span class='ocrx_word' id='word_1_245' title='bbox 648 2754 738 2805; x_wconf 79' lang='lat' dir='ltr'><strong>Fabius</strong></span> <span class='ocrx_word' id='word_1_246' title='bbox 758 2754 861 2803; x_wconf 84' lang='lat' dir='ltr'><strong>Romam</strong></span> <span class='ocrx_word' id='word_1_247' title='bbox 874 2748 1003 2818; x_wconf 74' lang='lat' dir='ltr'><strong>proingit‚</strong></span> <span class='ocrx_word' id='word_1_248' title='bbox 1020 2756 1054 2809; x_wconf 71' lang='lat' dir='ltr'><strong>at,</strong></span> 
     </span>
     <span class='ocr_line' id='line_1_31' title="bbox 97 2823 1054 2890; baseline -0.011 -15"><span class='ocrx_word' id='word_1_249' title='bbox 97 2839 156 2875; x_wconf 87' lang='lat' dir='ltr'><strong>cnm</strong></span> <span class='ocrx_word' id='word_1_250' title='bbox 165 2838 255 2890; x_wconf 82' lang='lat' dir='ltr'><strong>parum</strong></span> <span class='ocrx_word' id='word_1_251' title='bbox 267 2838 346 2874; x_wconf 87' lang='lat' dir='ltr'><strong>oanaa</strong></span> <span class='ocrx_word' id='word_1_252' title='bbox 356 2825 498 2890; x_wconf 78' lang='lat' dir='ltr'><strong>proficeret,</strong></span> <span class='ocrx_word' id='word_1_253' title='bbox 510 2823 597 2890; x_wconf 86' lang='lat' dir='ltr'><strong>popuii</strong></span> <span class='ocrx_word' id='word_1_254' title='bbox 607 2823 724 2890; x_wconf 76' lang='lat' dir='ltr'><strong>precibus</strong></span> <span class='ocrx_word' id='word_1_255' title='bbox 734 2823 842 2873; x_wconf 87' lang='lat' dir='ltr'><strong>donatus</strong></span> <span class='ocrx_word' id='word_1_256' title='bbox 854 2831 902 2871; x_wconf 84' lang='lat' dir='ltr'><strong>est.</strong></span> <span class='ocrx_word' id='word_1_257' title='bbox 928 2834 968 2868; x_wconf 84' lang='lat' dir='ltr'><strong>res</strong></span> <span class='ocrx_word' id='word_1_258' title='bbox 981 2829 1054 2884; x_wconf 85' lang='lat' dir='ltr'><strong>praa·</strong></span> 
     </span>
     <span class='ocr_line' id='line_1_32' title="bbox 99 2892 773 2961; baseline -0.004 -19"><span class='ocrx_word' id='word_1_259' title='bbox 99 2901 168 2942; x_wconf 85' lang='lat' dir='ltr'><strong>terea</strong></span> <span class='ocrx_word' id='word_1_260' title='bbox 183 2900 270 2943; x_wconf 88' lang='lat' dir='ltr'><strong>contra</strong></span> <span class='ocrx_word' id='word_1_261' title='bbox 282 2892 407 2945; x_wconf 66' lang='lat' dir='ltr'><strong>Samnites</strong></span> <span class='ocrx_word' id='word_1_262' title='bbox 419 2908 539 2961; x_wconf 88' lang='lat' dir='ltr'><strong>prospere</strong></span> <span class='ocrx_word' id='word_1_263' title='bbox 554 2900 640 2958; x_wconf 74' lang='lat' dir='ltr'><strong>gestas</strong></span> <span class='ocrx_word' id='word_1_264' title='bbox 654 2892 773 2940; x_wconf 85' lang='lat' dir='ltr'><strong>continet.</strong></span> 
     </span>
    </p>
   </div>
   <div class='ocr_carea' id='block_1_6' title="bbox 194 3086 959 3162">
    <p class='ocr_par' dir='ltr' id='par_1_7' title="bbox 194 3086 959 3162">
     <span class='ocr_line' id='line_1_33' title="bbox 194 3086 959 3162; baseline -0.018 -1"><span class='ocrx_word' id='word_1_265' title='bbox 194 3098 273 3161; x_wconf 78' lang='lat' dir='ltr'><strong>Tiri</strong></span> <span class='ocrx_word' id='word_1_266' title='bbox 291 3097 366 3160; x_wconf 80' lang='lat' dir='ltr'><strong>Livi</strong></span> <span class='ocrx_word' id='word_1_267' title='bbox 384 3098 431 3159; x_wconf 80' lang='lat' dir='ltr'><strong>to</strong></span> <span class='ocrx_word' id='word_1_268' title='bbox 451 3099 552 3162; x_wconf 85' lang='lat' dir='ltr'>URBE</span> <span class='ocrx_word' id='word_1_269' title='bbox 573 3095 735 3161; x_wconf 76' lang='lat' dir='ltr'><strong>couniri</strong></span> <span class='ocrx_word' id='word_1_270' title='bbox 756 3091 867 3155; x_wconf 86' lang='lat' dir='ltr'><strong>LlBER</strong></span> <span class='ocrx_word' id='word_1_271' title='bbox 887 3086 959 3149; x_wconf 84' lang='lat' dir='ltr'><strong>Vili.</strong></span> 
     </span>
    </p>
   </div>
   <div class='ocr_carea' id='block_1_7' title="bbox 98 3237 1089 3579">
    <p class='ocr_par' dir='ltr' id='par_1_8' title="bbox 98 3237 1089 3579">
     <span class='ocr_line' id='line_1_34' title="bbox 163 3237 1086 3314; baseline -0.016 -2"><span class='ocrx_word' id='word_1_272' title='bbox 163 3248 186 3312; x_wconf 87' lang='lat'><strong>1.</strong></span> <span class='ocrx_word' id='word_1_273' title='bbox 216 3252 277 3314; x_wconf 85' lang='lat' dir='ltr'><strong>lam</strong></span> <span class='ocrx_word' id='word_1_274' title='bbox 296 3249 432 3313; x_wconf 88' lang='lat' dir='ltr'><strong>consules</strong></span> <span class='ocrx_word' id='word_1_275' title='bbox 452 3259 537 3312; x_wconf 81' lang='lat' dir='ltr'><strong>erant</strong></span> <span class='ocrx_word' id='word_1_276' title='bbox 553 3251 585 3313; x_wconf 84' lang='lat' dir='ltr'><strong>C.</strong></span> <span class='ocrx_word' id='word_1_277' title='bbox 599 3248 729 3312; x_wconf 85' lang='lat' dir='ltr'><strong>Plautius</strong></span> <span class='ocrx_word' id='word_1_278' title='bbox 749 3250 856 3307; x_wconf 89' lang='lat' dir='ltr'><strong>iterum</strong></span> <span class='ocrx_word' id='word_1_279' title='bbox 870 3243 903 3303; x_wconf 87' lang='lat' dir='ltr'><strong>L.</strong></span> <span class='ocrx_word' id='word_1_280' title='bbox 918 3237 1057 3303; x_wconf 76' lang='lat' dir='ltr'><strong>Aemilius</strong></span> <span class='ocrx_word' id='word_1_281' title='bbox 1073 3247 1086 3298; x_wconf 92' lang='lat'>1</span> 
     </span>
     <span class='ocr_line' id='line_1_35' title="bbox 98 3324 1055 3413; baseline -0.016 -15"><span class='ocrx_word' id='word_1_282' title='bbox 98 3335 274 3407; x_wconf 77' lang='lat' dir='ltr'><strong>Mamercus,</strong></span> <span class='ocrx_word' id='word_1_283' title='bbox 288 3353 356 3397; x_wconf 90' lang='lat' dir='ltr'><strong>cum</strong></span> <span class='ocrx_word' id='word_1_284' title='bbox 368 3335 461 3398; x_wconf 77' lang='lat' dir='ltr'><strong>Setini</strong></span> <span class='ocrx_word' id='word_1_285' title='bbox 475 3333 663 3413; x_wconf 85' lang='lat' dir='ltr'><strong>Norbanique</strong></span> <span class='ocrx_word' id='word_1_286' title='bbox 674 3333 797 3393; x_wconf 85' lang='lat' dir='ltr'><strong>Romam</strong></span> <span class='ocrx_word' id='word_1_287' title='bbox 808 3328 903 3388; x_wconf 88' lang='lat' dir='ltr'><strong>nuntii</strong></span> <span class='ocrx_word' id='word_1_288' title='bbox 915 3324 1055 3387; x_wconf 87' lang='lat' dir='ltr'><strong>deiectio·</strong></span> 
     </span>
     <span class='ocr_line' id='line_1_36' title="bbox 99 3410 1055 3499; baseline -0.013 -18"><span class='ocrx_word' id='word_1_289' title='bbox 99 3421 146 3481; x_wconf 90' lang='lat' dir='ltr'><strong>nis</strong></span> <span class='ocrx_word' id='word_1_290' title='bbox 159 3419 376 3482; x_wconf 80' lang='lat' dir='ltr'><strong>Privernatium</strong></span> <span class='ocrx_word' id='word_1_291' title='bbox 384 3437 453 3481; x_wconf 89' lang='lat' dir='ltr'><strong>cum</strong></span> <span class='ocrx_word' id='word_1_292' title='bbox 460 3417 653 3499; x_wconf 88' lang='lat' dir='ltr'><strong>querimoniis</strong></span> <span class='ocrx_word' id='word_1_293' title='bbox 659 3421 797 3494; x_wconf 82' lang='lat' dir='ltr'><strong>acceptae</strong></span> <span class='ocrx_word' id='word_1_294' title='bbox 805 3410 895 3473; x_wconf 86' lang='lat' dir='ltr'><strong>cladis</strong></span> <span class='ocrx_word' id='word_1_295' title='bbox 902 3417 1055 3472; x_wconf 86' lang='lat' dir='ltr'><strong>venerunt.</strong></span> 
     </span>
     <span class='ocr_line' id='line_1_37' title="bbox 99 3493 1089 3579; baseline -0.012 -15"><span class='ocrx_word' id='word_1_296' title='bbox 99 3502 272 3566; x_wconf 85' lang='lat' dir='ltr'><strong>Volscorurn</strong></span> <span class='ocrx_word' id='word_1_297' title='bbox 288 3505 359 3566; x_wconf 86' lang='lat' dir='ltr'><strong>item</strong></span> <span class='ocrx_word' id='word_1_298' title='bbox 376 3505 535 3566; x_wconf 82' lang='lat' dir='ltr'><strong>exercitum</strong></span> <span class='ocrx_word' id='word_1_299' title='bbox 553 3500 627 3563; x_wconf 90' lang='lat' dir='ltr'><strong>duce</strong></span> <span class='ocrx_word' id='word_1_300' title='bbox 642 3500 750 3561; x_wconf 77' lang='lat' dir='ltr'><strong>Antiati</strong></span> <span class='ocrx_word' id='word_1_301' title='bbox 768 3496 876 3579; x_wconf 87' lang='lat' dir='ltr'><strong>populo</strong></span> <span class='ocrx_word' id='word_1_302' title='bbox 892 3493 1089 3560; x_wconf 68' lang='lat' dir='ltr'><strong>consedisset</strong></span> 
     </span>
    </p>
   </div>
   <div class='ocr_carea' id='block_1_8' title="bbox 0 0 1307 4067">
    <p class='ocr_par' dir='ltr' id='par_1_9' title="bbox 0 0 1307 4067">
     <span class='ocr_line' id='line_1_38' title="bbox 0 0 1307 4067; baseline 0 0"><span class='ocrx_word' id='word_1_303' title='bbox 0 0 1307 4067; x_wconf 95' lang='lat' dir='ltr'><strong> </strong></span> 
     </span>
    </p>
   </div>
  </div>
 </body>
</html>
