2575 4067
313 278 406 322 meua
420 280 475 324 vu.
494 280 562 322 oar.
578 269 622 323 26.
639 259 678 341 [a.
696 267 732 325 0.
744 263 807 344 349]
997 267 1039 334 27

69 446 162 493 mano
179 444 285 489 coruus
299 432 423 507 repente
439 427 471 487 in
485 424 568 506 galea
583 427 730 500 consedit,
746 431 777 490 ln
792 429 907 491 bostem
922 447 1034 492 versus.

68 511 152 595 quod
169 513 268 592 primo
282 517 316 572 ut
334 511 489 589 augurium
506 509 587 573 caelo
607 512 730 574 mlesum
746 511 839 575 laetus
853 515 968 595 accepit
982 515 1034 575 tri·
1051 525 1068 573 a

66 598 185 666 bunus,
202 601 339 676 precatus
361 593 482 656 deinde:
504 597 529 656 si
551 594 649 666 divus,
671 598 696 657 si
715 595 780 657 (lica
803 603 893 667 esset,
915 599 966 677 qui
979 597 1037 660 sibi

67 677 784 762 praepetemmistsset,volenspropiuusadesset.
807 680 1070 753 dictumirabiie,o

66 766 169 828 tenuit
180 780 241 824 non
260 762 356 824 solum
373 760 435 824 aies
452 771 567 843 captam
578 762 670 825 semel
681 764 793 835 sedem,
809 764 870 835 sed,
887 764 1036 844 quotiens·

66 865 201 929 cumque
218 854 370 909 certamen
386 847 493 908 initum
508 855 570 918 ast,
591 846 692 909 levans
709 866 741 909 se
758 847 861 911 elisos
879 847 1038 929 oculosque

65 934 166 995 hostis
178 939 277 993 rostro
299 938 329 992 at
342 930 490 1009 unguibus
505 932 630 1012 adpetit,
650 932 745 995 donec
756 935 893 995 territum
909 931 1039 1013 prodigii

66 1016 140 1079 talis
156 1017 221 1077 visu
235 1013 386 1095 oculisque
400 1014 488 1078 simul
503 1034 537 1078 ac
551 1024 651 1079 mente
667 1016 817 1079 turbatum
833 1015 967 1079 Valerius
982 1016 1035 1078 ob·

66 1107 202 1165 truncat.
236 1116 341 1161 corvus
356 1117 392 1161 ex
408 1107 568 1181 conspectu
585 1099 678 1163 elatus
694 1103 842 1164 orientem
857 1102 939 1181 petit.
968 1100 1070 1163 bac-e

67 1193 159 1247 tenus
176 1184 292 1263 quietae
303 1186 450 1265 utrimque
465 1185 605 1247 stationes
619 1185 713 1247 luere.
741 1193 896 1265 postquam
910 1184 1037 1266 spoliare

67 1286 183 1349 corpus
203 1269 282 1330 caesi
305 1268 399 1330 hostis
421 1267 557 1331 tribunus
570 1270 683 1350 coepit,
702 1287 759 1331 noc
776 1267 852 1331 Galli
865 1286 897 1330 se
912 1270 1038 1331 statione

67 1359 251 1422 tenuerunt,
268 1360 298 1412 et
307 1350 507 1415 Romanorum
522 1370 625 1415 cursus
639 1352 677 1415 ad
691 1355 834 1416 victorem
851 1354 939 1414 etiam
955 1354 1037 1414 ocior

67 1437 137 1500 luit.
174 1435 217 1496 ibi
238 1437 316 1497 cirea
338 1438 460 1498 iacentis
482 1434 556 1499 Galli
578 1455 687 1519 corpus
708 1445 861 1500 contracto
875 1437 1037 1499 certamine

67 1538 174 1604 pugna
189 1528 273 1582 atrox
289 1522 462 1582 concitatur.
497 1521 556 1582 iam
579 1539 640 1582 non
658 1520 816 1603 manipulis
834 1522 1037 1603 proximarum
1053 1527 1067 1577 t

67 1607 235 1668 stationum
255 1603 307 1664 sed
338 1602 504 1682 legionibus
532 1606 682 1686 utrimque
710 1606 808 1668 effusis
834 1623 883 1667 res
913 1607 1036 1684 geritur.

69 1687 214 1754 Camillus
228 1687 338 1749 laetum
349 1687 472 1750 militem
488 1689 609 1752 victoria
619 1688 746 1762 tribuni,
762 1689 871 1752 laetum
882 1698 942 1751 tam
951 1707 1037 1770 prae·

68 1772 207 1837 sentibus
221 1790 256 1835 ac
271 1771 408 1834 secundis
423 1772 479 1835 diis
489 1773 534 1835 ire
548 1774 579 1835 in
594 1772 742 1855 proelium
757 1773 854 1843 iubet:
872 1781 1037 1835 ostentans·

69 1877 130 1940 que
144 1858 293 1936 insignem
313 1854 416 1937 spoliis
437 1856 604 1920 tribunum:
634 1858 742 1930 „bunc
766 1859 897 1930 imitare,
921 1855 1038 1927 miles,‘¹

70 1941 185 2013 aiebat,
202 1948 259 2012 „et
273 1941 351 2001 circa
373 1941 519 2003 iacentem
535 1943 640 2005 ducem
661 1951 762 2005 sterne
778 1940 928 2004 Gallorum
943 1946 1038 2003 cater-

70 2033 154 2088 vas.“
180 2024 220 2086 dii
234 2025 429 2105 hominesque
442 2024 485 2086 illi
498 2025 619 2088 adfuere
630 2045 760 2107 pugnae,
780 2025 1038 2106 depugnatumque
1053 2033 1070 2083 8

69 2109 301 2190 haudquaquam
323 2110 484 2170 certamine
505 2108 644 2189 ambiguo
668 2130 735 2172 cum
754 2109 846 2173 Gallis
867 2117 928 2172 est:
963 2108 1038 2171 adeo

71 2195 202 2256 duorum
226 2192 352 2254 militum
385 2200 537 2263 eventum,
573 2193 652 2255 inter
680 2212 753 2273 quos
778 2201 940 2273 pugnatum
966 2200 1037 2262 erat.

71 2287 201 2358 utraque
218 2277 296 2339 acies
311 2277 417 2339 animis
431 2283 634 2357 praeceperat.
670 2277 749 2337 inter
769 2278 896 2357 primos,
912 2292 1039 2355 quorum
1055 2282 1072 2334 9

71 2360 317 2425 concursusalios
324 2361 480 2432 exciverat,
488 2368 571 2423 atrox
580 2357 1038 2441 proeliumiuit;aliamuititudo,

70 2449 247 2528 priusquam
262 2445 300 2507 ad
317 2446 483 2508 coniectum
498 2444 550 2507 teli
564 2447 694 2517 veniret,
713 2452 796 2524 terga
811 2445 907 2506 vertit.
939 2444 1038 2524 primo

70 2548 127 2612 per
136 2528 264 2591 Volscos
282 2528 498 2611 Falernumque
512 2547 616 2609 agrum
632 2530 765 2611 dissipati
778 2536 860 2600 suut,
877 2527 946 2589 inde
960 2529 1039 2609 lpu-

73 2615 143 2677 liam
159 2631 194 2675 ac
204 2631 286 2677 mare
300 2613 430 2676 inferum
440 2615 598 2694 petierunt.
623 2613 726 2676 consul
740 2615 879 2677 contione
896 2613 1036 2677 advocata
1049 2616 1082 2669 ιο

73 2698 225 2760 laudatum
246 2696 399 2759 tribunum
415 2698 518 2759 decem
532 2697 629 2760 bubus
647 2716 795 2779 aureaque
813 2715 922 2760 corona
939 2697 1038 2760 donat.

73 2784 139 2863 ipse
153 2782 250 2843 iussus
265 2780 302 2843 ab
314 2790 418 2845 senatu
435 2780 546 2844 bellum
560 2784 742 2845 maritimum
754 2800 859 2846 curare
873 2800 941 2844 cum
952 2799 1039 2863 prae·

73 2875 141 2927 tore
156 2866 251 2927 iunxit
268 2873 373 2928 castra.
404 2864 446 2926 ibi
462 2867 595 2946 quiores
614 2866 694 2927 trahi
713 2868 839 2946 segnitia
854 2866 1037 2928 Graecorum
1051 2869 1080 2923 11

74 2950 756 3021 noncommittentiumseinaciemvidebantur,
768 2950 941 3012 dictatorem
948 2949 1039 3010 comi·

73 3036 184 3096 tiorum
196 3052 283 3096 causa
294 3033 329 3095 T.
341 3032 480 3097 Manlium
492 3035 676 3116 Torquatum
686 3053 723 3097 ex
734 3035 907 3097 auctoritate
921 3039 1040 3093 senatus

73 3118 157 3180 dixit.
175 3117 302 3180 dictatm
312 3120 453 3198 magistro
465 3121 596 3199 equitum
605 3120 639 3182 Α.
648 3117 786 3182 Cornelio
794 3117 883 3180 Cosso
896 3114 974 3177 dicto
987 3133 1036 3176 co·
1050 3122 1081 3173 12

73 3203 156 3264 mitia
162 3200 329 3265 consularia
339 3202 442 3265 babuit
448 3201 654 3282 aemulumque
669 3202 836 3264 decorissui
847 3199 1038 3262 absentembi.

73 3285 223 3347 Valerium
234 3285 361 3349 Corvum
374 3322 412 3332 —
427 3285 457 3347 ld
469 3288 549 3347 enim
559 3283 603 3346 illi
614 3285 721 3347 deinde
733 3284 918 3363 cognominis
928 3283 984 3345 luit
999 3316 1037 3329 -

73 3387 190 3432 summo
206 3369 306 3432 lavore
317 3368 434 3452 populi,
451 3377 512 3431 tres
528 3376 558 3430 et
573 3370 677 3447 viginti
692 3376 793 3430 natum
809 3384 915 3439 annos,
933 3385 1038 3431 consu·

73 3452 132 3515 lem
150 3454 339 3517 renuntiavit.
367 3453 479 3533 collega
499 3454 593 3517 Corvo
615 3452 652 3514 de
664 3450 753 3534 plebe
767 3452 805 3515 bl.
822 3450 953 3533 Popilius
965 3453 1039 3515 Lae·
1051 3456 1082 3510 1⁸

74 3553 141 3608 nas,
157 3546 296 3619 quartum
313 3537 415 3603 consul
437 3539 567 3611 tuturus,
589 3537 675 3600 datus
698 3545 752 3600 est.
790 3556 858 3600 cum
874 3537 995 3600 Graecis
1021 3553 1039 3598 a
