2575 4067
280 238 374 282 cmm
389 235 433 282 rx.
448 236 516 282 oar.
531 225 576 282 tt.
592 224 635 281 to.
653 215 692 301 [c.
710 219 746 284 (i.
762 219 822 304 ito]
972 229 1033 291 137

78 388 200 449 nandam
219 405 282 450 cam
296 390 409 451 curiam
425 386 503 451 iacit.
548 385 676 451 mlx·
707 386 838 451 Dictator
852 398 971 468 postero
986 391 1057 453 diet

76 472 211 552 auspiciis
221 474 353 553 repetitis
361 470 482 553 pertulit
493 470 606 552 legem,
623 479 653 534 et
666 471 818 552 proiectus
829 489 897 535 cum
911 473 1035 554 legioni·

76 554 123 620 bus
138 555 176 619 ad
188 562 338 617 terrorem
350 554 477 618 traducti
492 555 592 618 silvam
605 556 761 619 Ciminiam
778 559 925 619 exereitus
940 575 1035 638 nuper

73 640 188 719 scriptis
205 638 242 702 ad
256 638 419 720 Longulam
438 641 589 720 pervenit,
610 640 796 722 acceptisque
809 658 827 703 a
839 640 947 703 ilorcio
962 648 1061 702 con-t

72 721 130 784 sule
144 724 298 786 veteribus
308 722 450 786 miiidbrrs
463 725 495 786 ln
509 726 603 787 aciem
615 725 716 804 copies
726 722 835 786 eduxit
864 741 921 786 nec
934 723 1035 787 hostes

72 804 237 869 detractare
248 808 452 888 risipugnam.
477 809 637 870 instructos
644 806 954 888 deindearmatosque,
967 825 1034 870 curn

71 888 104 951 ab
119 893 237 953 neutris
257 890 404 971 proelium
422 893 583 973 inciperet,
605 910 664 953 nox
681 893 836 972 oppressit.
865 894 957 974 quieti
979 890 1063 953 all-t

72 974 224 1053 quamdiu,
241 991 298 1037 nco
312 976 373 1037 suis
383 975 550 1039 dilildentes
561 974 673 1038 rlribrn
689 993 744 1037 nec
759 977 876 1038 hostem
891 992 1035 1056 spernen-

73 1063 126 1128 tes,
142 1060 250 1121 stativa
260 1060 293 1120 in
307 1061 474 1141 propinquo
486 1059 627 1123 habuere.
643 1058 697 1098 Ν
707 1077 776 1122 nam
791 1067 899 1123 etcum
909 1057 1064 1121 Umbro-⁴

71 1157 135 1203 rum
147 1143 283 1205 exercitu
295 1144 357 1205 acle
368 1143 568 1224 depugnatum
581 1149 639 1215 est;
656 1143 714 1205 luel
729 1151 828 1206 temen
839 1145 933 1224 magis
946 1160 1034 1223 quem

72 1228 147 1288 caesi
161 1227 280 1298 hostes,
295 1229 507 1309 quiacoeptem
519 1230 627 1293 acriter
639 1245 700 1289 non
712 1226 876 1290 tolerarunt
886 1243 1033 1306 pugnant

71 1315 97 1369 et
106 1310 143 1372 ad
155 1310 329 1373 Vadimonis
339 1311 436 1374 lacum
447 1311 563 1374 Etrrncl
573 1310 639 1391 lege
651 1318 765 1376 sacrato
776 1318 878 1373 coacto
890 1310 1030 1381 exercitu,
1043 1316 1060 1369 o

72 1409 134 1455 cum
151 1396 200 1455 vir
211 1396 306 1457 dnum
320 1394 455 1475 legisset,
471 1397 588 1476 quantis
602 1412 762 1475 numquam
779 1392 851 1456 allas
862 1403 930 1457 ante
945 1391 1032 1455 simul

71 1479 160 1558 copiis
184 1476 272 1540 simui
294 1479 400 1541 animis
421 1480 608 1543 dimicarunt.
646 1486 786 1561 notoque
804 1479 916 1541 irarum
940 1481 1062 1539 certa-c

70 1563 147 1623 mine
170 1570 254 1641 gesta
274 1580 323 1624 res
337 1570 397 1636 est,
418 1571 452 1627 nt
471 1564 508 1627 ab
529 1573 633 1626 neutra
653 1569 738 1645 parte
753 1564 859 1625 emissa
880 1564 940 1625 sint
960 1558 1032 1623 teies

71 1643 173 1723 gladiis
186 1663 285 1725 pugna
296 1650 409 1729 coepit,
422 1655 452 1710 et
463 1649 607 1711 acerrime
618 1647 848 1727 commissaipso
860 1647 1032 1717 certamine,

71 1729 147 1806 quod
171 1728 352 1809 aliquamdiu
372 1747 481 1813 anceps
506 1733 575 1804 luit,
599 1749 722 1794 accensa
744 1737 804 1802 est,
829 1739 943 1793 utnon
964 1747 1032 1793 cunr

72 1808 204 1875 Etruscis
224 1814 331 1875 totiens
344 1815 444 1886 victis,
465 1815 518 1878 sed
532 1835 599 1878 cum
615 1814 710 1896 aliqua
725 1832 801 1878 nova
816 1821 903 1895 gente
917 1814 1032 1876 ridere·

72 1904 117 1956 tur
137 1896 288 1958 dimicatio
308 1916 383 1961 esse.
432 1898 505 1960 nihil
525 1898 562 1961 ab
583 1898 643 1961 ulla
667 1908 753 1980 parte
777 1906 912 1961 moretur
937 1896 1061 1977 lugae,t

71 1978 180 2042 cadunt
189 1980 380 2061 antesignani,
398 1990 436 2053 et,
452 2000 490 2045 nc
501 1983 650 2045 nudentur
681 1979 930 2062 repugnatoribus
939 1981 1032 2060 signa,

70 2061 101 2124 dt
122 2082 162 2126 ex
183 2065 313 2127 secunda
334 2066 430 2146 prima
451 2068 538 2129 acles.
578 2065 615 2127 ab
669 2066 748 2127 timis
769 2063 876 2126 deinde
896 2063 1061 2125 muslinse

72 2146 167 2211 cietur
182 2146 287 2218 miles;
305 2151 438 2231 adeoque
453 2149 490 2212 ad
508 2148 642 2212 nidmum
658 2146 769 2209 laboris
779 2164 814 2208 ac
828 2145 953 2227 periculi
963 2162 1033 2208 ren·

73 2237 131 2294 tum
149 2240 210 2303 est,
230 2240 265 2294 ut
281 2235 395 2314 equites
408 2235 535 2296 Romani
548 2231 664 2295 omissis
679 2229 763 2311 equis
775 2228 813 2290 ad
827 2229 940 2309 primos
953 2227 1033 2288 ordi·

72 2330 121 2375 nes
142 2314 278 2397 peditum
297 2336 462 2397 perarma,
486 2334 541 2398 per
561 2332 688 2395 corpora
708 2313 864 2375 evaserint
901 2327 936 2372 ca
955 2307 1035 2372 reiut

73 2414 144 2462 nora
161 2400 239 2461 inter
253 2399 347 2464 lessos
363 2409 464 2464 exorta
480 2402 558 2464 acies
579 2397 707 2461 turbarit
728 2397 811 2477 signa
825 2394 1033 2463 Etruscorumt

71 2490 173 2545 secuta
193 2482 300 2546 deinde
323 2487 467 2566 impetum
490 2502 608 2556 eornm,
633 2491 794 2563 utcumque
818 2478 933 2542 adiecta
961 2482 1063 2550 erati

73 2576 172 2630 cetera
188 2567 343 2631 multitudo
358 2568 475 2632 tandem
487 2567 649 2648 perrumpit
661 2566 779 2630 ordines
794 2565 933 2628 hostium.
963 2569 1034 2625 tunc
1044 2568 1077 2624 10

74 2650 148 2713 vinci
164 2653 327 2732 pertinacia
342 2661 445 2734 coepte
463 2661 493 2715 et
514 2655 606 2716 averti
623 2649 914 2733 manipuliquldam,
936 2655 980 2721 et,
1001 2655 1035 2710 ut

72 2733 164 2796 semei
175 2735 283 2797 dedere
294 2745 393 2817 terga,
408 2737 494 2798 etiam
507 2739 665 2800 certiorem
677 2753 831 2816 capessere
842 2733 952 2815 iirgam.
982 2731 1033 2795 ille
1045 2737 1077 2793 lt

73 2820 202 2895 primum
217 2819 280 2881 dies
295 2819 413 2883 tortum
429 2827 529 2882 retem
541 2820 725 2883 abundantes
736 2820 929 2881 Etruscorum
946 2816 1036 2895 fregit

73 2917 154 2980 opes.
188 2921 306 2965 caesum
323 2906 353 2965 in
365 2905 429 2965 acle
439 2903 518 2986 quod
534 2902 651 2966 roboris
668 2902 736 2973 luit,
752 2910 848 2964 castra
860 2900 965 2961 eodcrn
981 2899 1035 2958 im·

73 2986 457 3133 petuxpapnpcpipiepstppplqie
483 3070 615 3152 periculo
643 3067 813 3149 gloriaeque
840 3070 945 3126 eventu
972 3060 1062 3121 bel-t

73 3148 133 3214 lum
148 3154 180 3214 in
194 3153 375 3217 Samnitibus
390 3161 467 3226 erat,
489 3156 540 3236 qui
554 3161 675 3234 praeter
689 3158 804 3214 ceteros
823 3145 893 3210 belli
911 3161 1035 3226 appara·

73 3243 135 3306 tus,
149 3245 184 3298 ut
200 3240 348 3306 aciessua
365 3235 492 3317 fulgeret
509 3239 591 3298 noris
605 3252 757 3298 armorum
777 3228 945 3310 insignibus
958 3228 1036 3290 iece-

73 3328 151 3382 runt.
192 3321 250 3384 duo
274 3323 422 3384 exercitus
442 3327 541 3391 erant,
562 3325 644 3381 scuta
665 3316 785 3379 alterius
808 3331 894 3385 auro,
917 3310 1065 3376 alterius2

74 3411 196 3484 argento
221 3407 418 3469 caelaverunt.
452 3404 546 3466 iorma
568 3410 633 3465 erat
653 3403 743 3463 scuti:
770 3415 918 3462 summum
939 3396 1035 3470 latius,

74 3504 130 3568 qua
157 3499 262 3569 pectus
287 3497 376 3572 atque
395 3489 491 3553 umeri
517 3493 672 3569 teguntur,
702 3484 818 3566 fastigio
842 3479 970 3563 aequali;
999 3480 1036 3544 ad
