2575 4067
253 235 294 295 46
400 248 493 289 umus
508 249 563 290 vrr.
580 247 649 291 cer.
663 237 707 288 41.
722 237 765 287 42.
782 225 822 310 [a.
837 252 868 290 u,
884 251 911 291 c.
924 237 984 286 412.
996 230 1059 309 413]

222 395 363 457 abrarct.
400 393 447 455 lex
474 413 589 475 quoque
612 403 725 457 sacrata
744 394 878 456 militaris
901 395 958 457 lata
978 405 1036 466 est,
1063 416 1101 457 ne
1130 400 1221 459 cuius

252 479 352 540 militis
365 480 466 560 scripti
476 497 585 540 nomen
600 482 658 540 nisi
670 482 734 560 ipso
750 478 865 540 volente
882 480 1044 548 deleretur;
1063 481 1220 543 additum·

253 581 310 644 que
332 561 406 642 legi,
428 581 466 624 ne
489 565 569 644 quis,
590 561 642 623 ubi
663 563 797 624 tribunus
818 562 944 624 militum
964 564 1083 643 luisset,
1108 575 1219 644 postea

221 655 237 704 o
252 646 389 709 ordinum
403 646 509 709 ductor
525 656 610 708 esset.
638 647 669 707 id
684 655 806 728 propter
819 647 852 709 P.
869 646 1020 708 Salonium
1030 648 1217 728 postulatum

253 739 297 793 est
308 729 344 791 ab
357 733 525 802 coniuratis,
541 732 592 811 qui
606 729 726 791 alternis
741 749 834 810 prope
846 732 930 791 annis
942 738 971 792 et
984 731 1122 793 tribunus
1135 733 1216 793 mili·

252 824 314 876 tum
329 823 359 876 et
372 816 486 894 primus
500 816 633 876 centurio
650 823 727 883 erat,
743 832 831 893 quem
845 832 924 875 nunc
935 815 1024 894 primi
1038 815 1091 893 pili
1109 817 1216 896 appel-

220 899 320 962 olant.
354 900 423 961 huic
440 899 549 960 intensi
564 897 672 959 milites
689 907 790 971 erant,
810 897 890 979 quod
909 916 1025 978 semper
1039 899 1215 960 adversatus

252 985 333 1044 noris
349 982 478 1045 consiliis
495 982 612 1052 luisset,
630 990 674 1052 et,
690 1000 727 1042 ne
738 983 886 1062 particeps
903 1000 1006 1043 eorum
1022 991 1111 1053 esset,
1130 983 1213 1065 [qui]

219 1076 234 1126 7
249 1067 286 1130 ah
301 1066 430 1128 Lautulis
444 1067 576 1145 fugisset.
597 1068 695 1146 itaque
711 1084 779 1128 cum
802 1065 859 1127 hoc
874 1084 967 1127 unum
980 1074 1103 1146 propter
1122 1067 1208 1128 Salo·

251 1153 332 1212 nium
345 1150 382 1212 ab
397 1158 499 1212 senatu
510 1169 570 1211 non
583 1151 807 1230 impetraretur,
822 1156 885 1210 tum
901 1149 1036 1211 Salonius
1047 1149 1213 1212 obtestatus

252 1243 349 1317 patres
360 1236 559 1316 conscriptos,
574 1252 613 1295 ne
627 1253 712 1295 suum
723 1235 867 1296 honorem
878 1233 972 1313 pluris
982 1252 1071 1313 quam
1084 1252 1211 1296 concor·

252 1321 329 1381 diam
346 1321 468 1380 civitatis
482 1320 678 1388 aestimarent,
694 1317 831 1397 perpulit,
846 1326 880 1379 ut
892 1317 923 1377 id
935 1335 1053 1399 quoque
1068 1318 1211 1379 ferretur.

220 1411 345 1484 tiaeque
366 1405 503 1481 inpotens
521 1402 699 1482 postulatum
719 1402 788 1472 luit,
810 1407 843 1461 ut
864 1402 900 1462 de
914 1401 1059 1481 stipendio
1078 1403 1211 1482 equitum
1275 1457 1276 1484 ξ

254 1523 288 1533 -
304 1485 459 1547 merebant
469 1492 566 1546 autern
577 1485 685 1565 triplex
692 1504 725 1546 ea
736 1492 908 1564 tempestate
920 1521 959 1531 -
972 1503 1041 1547 aera
1053 1485 1210 1547 demereri·
1275 1495 1276 1500 ’

252 1580 314 1641 tur,
330 1568 408 1649 quod
423 1569 566 1630 adversati
581 1569 776 1630 coniurationi
787 1569 920 1630 luissent.
1275 1591 1276 1594 ¹

221 1661 234 1714 1
310 1653 397 1715 XLII.
425 1653 627 1715 Praeterhaec
639 1654 755 1714 invenio
765 1651 991 1732 apudquosdam
1003 1653 1036 1713 L.
1044 1653 1211 1715 Genucium
1275 1657 1276 1676 ¹

251 1737 402 1798 tribunum
419 1736 513 1817 plebis
527 1735 627 1799 tulisse
648 1737 685 1797 ad
704 1735 836 1815 plebem,
858 1754 896 1797 ne
918 1737 1072 1798 faenerare
1089 1735 1208 1806 liceret,
1275 1749 1276 1808 j

219 1831 236 1881 t
249 1823 321 1882 item
333 1820 396 1881 aliis
412 1820 490 1901 plebi
504 1821 586 1880 scitis
596 1829 726 1890 cautum,
740 1838 778 1881 ne
789 1822 854 1900 quis
865 1820 991 1881 eundem
1004 1821 1207 1899 magistratum
1275 1829 1276 1848 ¹

251 1908 329 1966 intra
353 1905 455 1966 decem
478 1922 571 1965 annos
592 1911 724 1983 caperet,
749 1922 808 1964 neu
837 1903 911 1966 duos
937 1906 1125 1983 magistratus
1148 1923 1208 1965 uno

251 2007 329 2049 anno
360 1996 493 2067 gereret,
521 1989 622 2069 utique
650 1985 753 2048 liceret
777 1987 913 2049 consules
946 1987 1049 2050 ambos
1075 1986 1208 2067 plebeios

251 2073 357 2134 creari.
388 2074 503 2153 quaesi
520 2073 618 2138 omnia
635 2089 776 2133 concessa
790 2079 860 2134 sunt
878 2071 972 2152 plebi,
995 2079 1117 2153 apparet
1130 2071 1207 2133 haud

219 2163 354 2238 tparvas
371 2159 448 2219 vires
465 2157 660 2218 deiectionem
682 2155 831 2218 habuisse·
859 2155 923 2217 aliis
940 2156 1094 2217 annalibus
1107 2156 1206 2234 prodi·
1275 2175 1276 2238 ξ

251 2250 313 2304 turn
333 2251 377 2304 est
393 2260 488 2323 neque
503 2242 677 2303 dictatorem
693 2240 841 2302 Valerium
856 2240 979 2310 dictum,
997 2239 1049 2302 sed
1062 2258 1117 2319 per
1136 2258 1205 2299 con·
1275 2251 1276 2322 j

250 2326 330 2389 sules
348 2345 468 2389 omnem
481 2344 546 2388 rem
570 2333 680 2396 actam,
705 2341 802 2404 neque
816 2332 972 2403 antequam
987 2325 1111 2386 Romam
1127 2325 1204 2383 veni·
1275 2333 1276 2376 3

250 2419 347 2481 retur,
364 2410 533 2471 sedllcmae
542 2427 602 2469 eam
612 2407 828 2469 multitudinem
843 2410 1062 2470 coniuratorum
1074 2407 1111 2469 ad
1125 2426 1206 2469 arma
1275 2459 1276 2480 ,

219 2502 236 2550 4
251 2501 471 2555 consternatam
486 2510 565 2562 esse,
583 2510 639 2553 nec
658 2493 690 2553 in
706 2492 741 2552 Τ.
760 2492 877 2563 erinctl
899 2492 998 2555 villam
1012 2492 1064 2553 sed
1079 2493 1111 2552 in
1127 2491 1204 2552 aedis

251 2579 282 2638 G.
296 2575 387 2636 Manli
402 2583 489 2637 nocte
502 2577 644 2654 impetum
657 2576 780 2647 iactum,
798 2594 923 2657 eumque
935 2595 953 2638 a
963 2578 1123 2638 coniuratis
1136 2594 1203 2637 con·

251 2657 445 2738 prehensum,
460 2667 493 2719 ut
513 2657 571 2719 dux
585 2659 684 2730 fleret,
706 2658 776 2721 iude
792 2658 829 2720 ad
843 2667 981 2739 quartum
996 2659 1123 2740 lapidem
1136 2678 1203 2740 pro·

219 2749 236 2800 ⁶
251 2742 345 2803 lectos
359 2739 425 2803 loco
440 2742 554 2804 munito
566 2743 748 2813 consedisse:
766 2761 822 2805 nec
833 2743 870 2805 ab
888 2743 1011 2806 ducibus
1026 2745 1203 2805 mentionem

250 2825 428 2887 concordiae
454 2834 563 2897 ortam,
594 2827 647 2889 sed
668 2835 807 2908 repente,
830 2846 897 2889 cum
917 2829 948 2887 in
980 2829 1072 2888 aciem
1102 2829 1203 2888 armati

219 2918 235 2970 o
251 2912 398 2973 exercitus
409 2912 635 2993 processissent,
651 2911 854 2974 salutationem
869 2911 989 2982 iactam,
1007 2919 1036 2972 et
1045 2914 1201 2991 permixtos

252 2996 372 3058 dextras
386 2997 511 3076 iungere
532 3014 567 3057 ac
586 2995 731 3076 conplecti
745 2997 824 3056 inter
844 3014 876 3057 se
890 2995 1078 3057 lacrimantes
1098 2993 1200 3054 milites

251 3083 401 3161 coepisse,
430 3087 606 3159 coactosque
629 3077 780 3149 consules,
808 3097 876 3140 cum
897 3077 1032 3141 riderent
1051 3096 1166 3140 aversos
1185 3096 1200 3137 a

252 3163 439 3226 dimicatione
450 3162 575 3224 militurn
585 3165 708 3233 animos,
720 3161 867 3224 rettulisse
878 3162 915 3223 ad
922 3170 1021 3241 patres
1034 3162 1071 3224 de
1082 3179 1200 3223 concor·

220 3247 299 3309 ruia
325 3245 553 3310 reconcilianda.
600 3247 673 3309 adeo
699 3245 773 3308 nihil
798 3255 1005 3327 praeterquam
1032 3245 1201 3307 seditionem

252 3332 343 3392 inisse
366 3349 490 3413 eamque
511 3333 692 3412 conpositam
713 3333 791 3393 inter
805 3333 939 3411 antiquos
955 3348 1057 3392 rerum
1072 3336 1200 3392 auctores

219 3419 235 3470 8
251 3423 376 3476 constat.
387 3450 430 3464 -
440 3415 478 3476 Et
488 3416 575 3476 huius
587 3415 665 3478 fama
676 3415 827 3478 seditionis
833 3423 863 3476 et
869 3422 1037 3495 susceptum
1043 3432 1112 3475 curn
1123 3414 1199 3475 Sam·

253 3496 363 3557 ultibus
378 3516 465 3575 grave
481 3498 589 3559 bellum
606 3499 716 3577 aliquot
730 3498 853 3579 populos
869 3498 905 3559 ab
921 3499 1052 3561 Romana
1067 3500 1199 3558 societate
