2575 4067
184 219 222 279 10
357 230 450 271 urens
464 229 522 272 vn.
538 228 605 272 ose.
623 215 666 267 10.
682 206 722 288 [a.
739 231 769 269 u.
784 230 810 269 3.
828 213 888 269 393.
902 208 964 286 334]

181 386 309 460 perator,
323 384 405 437 extra
421 375 555 438 ordinem
569 392 728 454 numquam
744 375 945 453 pugnaverim,
962 391 1021 434 non
1035 373 1062 435 si
1079 392 1143 435 cer-

150 472 166 522 3
181 470 240 525 tam
254 461 407 522 victoriam
421 459 550 528 rideam;
572 460 597 520 si
613 465 644 519 tu
661 459 817 537 permittis,
831 456 896 517 volo
910 473 964 534 ego
981 454 1025 516 illi
1037 456 1145 518 beluae

182 544 354 616 ostendere,
373 542 489 624 quando
510 542 583 604 adeo
603 541 688 603 ferox
708 539 870 621 praesultat
891 541 1020 601 bostium
1042 542 1144 619 signis,

183 648 230 690 me
252 646 288 689 ex
305 646 340 689 33
357 626 466 688 familia
489 633 600 695 ortum,
624 641 699 704 quae
715 623 866 686 Gallorum
884 641 991 702 agmen
1012 642 1048 684 ex
1070 642 1146 705 rupe

150 721 168 770 4
182 712 307 791 Tarpeia
320 710 458 771 deiecit.“
479 717 541 771 tum
557 708 698 770 dictator:
715 714 831 779 „macte
842 708 969 768 virtute“
979 708 1077 786 inquit
1090 725 1146 778 „ac

180 798 289 877 pietate
307 796 338 855 in
354 802 469 873 patrem
481 794 674 872 patriamque,
686 791 721 853 Τ.
733 790 831 861 Μ3311,
847 799 919 852 esto.
941 806 1034 870 perge
1046 797 1077 851 et
1090 809 1144 851 no·

149 887 250 941 tmen
263 880 429 940 Romanum
445 878 586 937 invictum
601 874 767 937 iuvantibus
782 874 837 935 diis
850 881 998 954 praesta.‘⁴
1028 881 1145 935 armam

180 962 249 1024 inde
269 964 404 1024 iuvenem
427 958 577 1039 aequales:
600 958 738 1036 pedestre
757 965 873 1019 scutum
900 958 991 1037 capit,
1012 958 1145 1036 Hispano

182 1047 309 1124 cingitur
325 1044 421 1123 gladio
437 1043 474 1105 ad
484 1044 655 1123 propiorem
666 1040 759 1102 habili
771 1059 915 1121 pugnam;
931 1048 1076 1102 armatum
1092 1040 1145 1100 ad·

183 1136 378 1209 ornatumque
400 1128 539 1188 adversus
560 1124 675 1188 Gallum
696 1125 800 1186 stolide
825 1124 935 1186 laetum
958 1132 988 1185 et
1006 1159 1045 1168 —
1070 1143 1141 1204 qno-

182 1216 261 1274 niam
281 1212 312 1273 id
333 1230 449 1292 quoque
468 1211 610 1273 memoria
634 1209 756 1288 dignum
779 1210 906 1288 antiquis
925 1210 1018 1269 risum
1041 1216 1087 1269 est
1102 1243 1145 1257 -

149 1296 312 1375 elinguem
327 1297 415 1356 etiam
429 1294 467 1354 ab
481 1296 575 1355 inrlsu
596 1300 781 1355 exserentem
796 1292 972 1371 producunt.
996 1293 1145 1371 recipiunt

181 1381 250 1441 inde
267 1398 299 1441 se
316 1378 353 1440 ad
375 1379 545 1447 stationem,
564 1384 593 1437 et
609 1376 667 1439 duo
688 1378 720 1437 in
739 1375 837 1437 medio
860 1378 965 1437 armati
982 1374 1143 1454 spectaculi

181 1465 275 1542 magis
289 1478 373 1523 more
390 1478 477 1539 33333
492 1459 558 1539 lege
573 1458 643 1521 belli
658 1460 864 1530 destituuntur,
881 1477 1065 1539 nequaquam
1080 1460 1143 1519 visu

149 1555 215 1607 733
235 1546 333 1625 333313
355 1543 577 1606 aestimantibus
598 1562 695 1622 pares.
716 1542 1145 1622 3333333113313333313331133

183 1630 331 1699 eximium,
347 1626 518 1688 versicolori
532 1635 613 1689 veste
628 1627 772 1706 pictisque
787 1633 816 1686 et
832 1645 904 1687 auro
920 1626 1037 1688 caelatis
1052 1625 1141 1687 33131-

183 1729 255 1791 gens
270 1712 375 1780 armis;
392 1710 489 1772 media
502 1711 535 1772 in
550 1709 642 1771 altero
658 1708 792 1771 mditaris
807 1717 918 1772 statura
927 1710 1101 1789 modicaque
1113 1712 1144 1770 in

151 1803 168 1853 8
183 1795 273 1856 armis
291 1793 439 1856 habilibus
452 1796 545 1873 magis
562 1812 650 1873 quam
671 1794 787 1855 decoris
801 1796 929 1875 speciem
949 1812 1010 1855 non
1030 1800 1143 1864 cantus,

183 1896 243 1939 non
258 1877 395 1940 exultatio
411 1894 619 1957 armorumque
643 1878 762 1956 agitatio
778 1896 867 1948 vana;
890 1877 940 1939 sed
963 1884 1065 1957 pectus
1081 1878 1144 1938 ani·

183 1979 300 2023 morum
313 1963 435 2041 iraeque
448 1962 554 2021 tacitae
568 1960 689 2040 plenum
704 1979 823 2022 omnem
838 1961 979 2022 ferociam
993 1963 1024 2021 in
1039 1960 1143 2021 discri-

150 2052 251 2106 umen
266 2045 363 2123 ipsum
380 2044 549 2106 certaminis
565 2042 727 2106 distulerat.
742 2044 794 2107 ubi
809 2047 969 2106 constitere
982 2047 1060 2106 inter
1072 2045 1145 2105 duas

182 2128 261 2190 acies
274 2135 318 2190 tot
330 2130 410 2189 circa
421 2127 589 2190 mortalium
601 2129 707 2190 animis
721 2146 774 2208 spe
784 2137 924 2210 metuque
937 2128 1144 2210 pendentibus,

183 2211 282 2275 Gallus
297 2212 377 2275 velut
394 2210 488 2274 moles
507 2229 636 2292 superne
652 2215 799 2274 inminens
815 2215 947 2293 proiecto
962 2213 1043 2274 laeva
1060 2220 1145 2274 scuto

182 2297 214 2356 ln
232 2296 412 2358 adveniendo
429 2314 510 2358 arma
527 2296 620 2357 hostis
635 2314 743 2357 vanum
757 2298 865 2359 caesim
881 2314 949 2358 cum
969 2297 1082 2375 ingenti
1095 2313 1146 2357 so·

139 2385 174 2438 13
183 2380 248 2440 nitu
260 2397 361 2441 ensem
373 2379 494 2448 deiecit;
505 2380 657 2441 Romanus
667 2398 809 2441 mucrone
820 2379 967 2451 subrecto,
980 2398 1048 2441 cum
1060 2387 1147 2442 scuto

100 2460 103 2464 ’
181 2468 298 2524 scutum
308 2464 401 2522 imum
414 2461 597 2541 perculisset,
609 2468 731 2543 totoque
740 2481 866 2542 corpore
876 2465 1001 2525 interior
1010 2461 1144 2542 periculo

182 2543 311 2606 vulneris
323 2544 419 2605 iactus
428 2545 606 2606 insinuasset
616 2564 649 2606 se
661 2548 739 2609 inter
750 2564 858 2627 corpus
868 2565 1017 2627 armaque,
1028 2564 1089 2608 uno
1101 2544 1143 2607 al·

182 2636 306 2708 toroque
322 2626 447 2689 subinde
467 2629 528 2690 ictu
548 2637 683 2691 ventrem
703 2638 790 2711 atque
809 2631 929 2710 inguina
950 2631 1047 2692 hausit
1066 2638 1095 2690 et
1110 2630 1142 2691 lu

141 2713 308 2791 lispatium
329 2712 435 2790 ingens
456 2720 593 2774 ruentcm
612 2715 746 2793 porrexit
764 2714 889 2776 hostem.
932 2714 1055 2775 iacentis
1073 2711 1144 2773 inde

182 2812 290 2874 eorpus
310 2793 346 2856 ab
369 2796 449 2857 omni
469 2795 525 2857 alia
540 2799 693 2858 vexatione
711 2800 853 2859 intactum
874 2816 933 2860 uno
954 2805 1060 2877 torque
1074 2815 1141 2877 spo·

141 2879 270 2948 bellavit,
287 2897 375 2960 quem
389 2897 556 2960 respersum
573 2899 681 2943 eruore
697 2880 772 2942 collo
787 2881 983 2943 circumdedit
996 2900 1059 2944 suo.
1090 2880 1141 2942 de·

182 2964 286 3024 fixerat
304 2981 396 3043 pavor
410 2982 478 3026 cum
493 2963 688 3026 admiratione
702 2964 814 3027 Gallos:
834 2967 959 3028 Romani
977 2965 1089 3027 alacres
1104 2962 1141 3025 ab

181 3049 306 3108 statione
320 3047 435 3109 obviam
449 3045 534 3107 militi
548 3065 601 3108 suo
613 3051 773 3127 progressi,
785 3049 964 3128 gratulantes
975 3049 1144 3111 laudantes·

141 3139 239 3210 leque
256 3129 293 3191 ad
307 3130 479 3192 dictatorem
494 3130 670 3209 perducunt.
702 3133 780 3194 inter
793 3135 956 3196 carminum
969 3151 1063 3213 prope
1077 3149 1146 3193 mo·

183 3212 253 3274 dnm
279 3215 429 3276 incondita
454 3213 598 3295 quaedam
623 3214 790 3278 militariter
817 3216 978 3278 ioculantes
999 3216 1139 3295 Torquati

182 3313 347 3373 cognomen
365 3298 510 3367 auditum;
531 3298 712 3362 celebratum
727 3300 834 3362 deinde
853 3304 979 3379 posteris
994 3301 1082 3361 etlam
1098 3298 1113 3359 f
1129 3331 1142 3344 -

142 3378 337 3460 ldmlliaeque
358 3381 465 3443 honori
488 3380 551 3444 init.
588 3383 713 3446 dictator
733 3402 872 3446 coronam
893 3401 1013 3445 auream
1031 3381 1143 3444 addidit

182 3464 302 3534 donum,
317 3464 457 3545 mirisque
472 3482 527 3546 pro
539 3469 677 3528 contione
694 3486 758 3530 eam
772 3485 902 3548 pugnam
917 3466 1053 3529 laudibus
1066 3465 1141 3527 tulit
