2575 4067
222 202 264 288 24
362 215 457 258 umus
470 214 526 258 vu.
540 212 609 256 cer.
627 199 671 253 23.
687 201 730 250 24.
748 189 787 275 [a.
804 216 835 255 u.
850 215 876 255 c.
892 200 953 251 404.
971 191 1034 275 405]

224 365 339 429 aerario
350 363 476 433 delerre,
489 370 628 442 quattuor
639 361 763 443 expletis
774 360 939 440 legionibus
951 361 1029 441 quod
1037 362 1186 441 superfuit

191 461 208 508 o
223 448 349 512 militum
362 447 395 508 P.
409 445 524 509 Valerio
535 445 704 508 Publicolae
715 446 846 525 praetori
861 444 996 516 tradidit,
1013 454 1116 507 auctor
1132 466 1185 527 pa·

223 533 319 595 tribus
332 530 480 594 scribendi
496 529 616 592 alterius
631 531 791 599 exercitus,
814 529 893 609 quod
907 530 944 591 ad
965 531 1096 594 incertos
1113 529 1186 591 belli

192 627 209 678 t
224 624 345 678 eventus
357 614 519 677 subsidium
532 616 577 676 rei
589 613 726 694 publicae
742 621 828 677 esset.
854 615 918 693 ipse
933 616 991 675 iam
1003 615 1074 676 satis
1089 616 1186 677 omui·

223 701 279 763 bus
303 701 454 762 instructis
470 700 697 781 conparatisque
714 697 751 759 ad
773 698 889 759 bostem
909 700 1016 779 pergit.
1052 699 1137 760 cuius
1153 707 1186 761 ut

223 788 306 866 prius
322 790 458 847 nosceret
474 784 567 856 vires,
583 801 672 863 quam
688 780 820 864 periculo
836 779 938 843 ultimo
956 789 1130 862 temptaret,
1153 785 1186 845 in

224 867 354 940 tumulo,
377 886 464 948 quem
478 868 647 947 proximum
668 868 771 928 castris
788 864 938 928 Gallorum
958 884 1065 945 capere
1079 868 1185 947 potuit,

193 954 332 1019 evodum
348 952 457 1014 ducere
473 952 579 1031 coepit.
611 968 684 1029 gens
698 950 783 1011 ferox
798 958 827 1011 et
840 951 952 1029 ingenii
967 950 1043 1012 avidi
1058 952 1095 1012 ad
1110 969 1186 1031 pug-

225 1058 293 1102 nam
319 1055 387 1099 cum
410 1033 514 1115 procul
534 1035 601 1095 visIs
621 1034 821 1095 Romanorum
848 1035 954 1113 signis,
983 1044 1016 1095 ut
1037 1034 1186 1115 extemplo

225 1120 371 1203 proelium
384 1120 508 1189 initura,
530 1117 718 1199 explicuisset
736 1119 846 1189 aciem,
867 1126 1023 1197 postquam
1039 1136 1136 1199 neque
1153 1119 1187 1180 in

226 1224 352 1287 aequum
367 1204 480 1266 demitti
501 1219 605 1282 agmen
622 1202 706 1272 vidit,
734 1208 764 1263 et
786 1220 854 1263 cum
871 1201 929 1263 loci
950 1201 1104 1264 altitudine
1121 1209 1186 1264 tum

227 1290 302 1352 vallo
318 1291 405 1350 etiam
419 1288 510 1365 integi
526 1287 691 1358 Romanos,
712 1285 864 1365 perculsos
878 1304 988 1366 pavore
1003 1293 1081 1357 rata,
1097 1286 1187 1347 simul

227 1373 448 1455 oportuniores,
465 1370 543 1451 quod
554 1371 661 1431 intenti
674 1377 737 1431 tum
748 1371 875 1433 maxime
890 1371 974 1450 operi
989 1377 1096 1441 essent,
1108 1372 1187 1432 truci

193 1458 354 1519 iclamore
374 1453 555 1533 adgreditur.
592 1453 627 1516 ab
644 1455 784 1516 Romanis
811 1472 867 1516 uec
886 1471 962 1534 opus
984 1456 1185 1518 intermissum

229 1576 264 1588 -
283 1539 376 1599 triarii
391 1544 489 1610 erant,
506 1539 557 1618 qui
571 1538 743 1599 muniebant
758 1546 841 1599 -et
856 1538 892 1599 ab
908 1539 1029 1601 hastatis
1043 1539 1187 1619 principl-

226 1625 355 1703 busque,
374 1623 425 1702 qul
441 1640 496 1702 pro
511 1622 709 1683 munitoribus
728 1623 834 1683 intenti
856 1624 1019 1704 armatique
1034 1630 1186 1694 steterant,

199 1705 372 1789 eproelium
386 1706 500 1768 initum.
532 1714 651 1787 praeter
661 1708 799 1767 virtutem
819 1706 902 1769 locus
917 1725 1034 1787 quoque
1050 1708 1186 1787 superior

228 1791 350 1862 adiurit,
371 1798 404 1851 ut
421 1789 480 1870 pila
500 1790 599 1851 omnia
618 1790 779 1869 hastaeque
798 1806 859 1850 non
875 1796 1026 1871 tamquam
1041 1809 1077 1852 ex
1092 1808 1186 1870 aequo

226 1876 419 1944 missorem,
438 1873 517 1953 quod
532 1872 706 1953 plerumque
720 1874 766 1944 iit,
786 1873 940 1945 caderent,
968 1876 1020 1936 sed
1038 1876 1137 1936 omnia
1150 1873 1186 1934 li·

195 1958 311 2020 tbrata
325 1956 506 2037 ponderibus
519 1958 698 2036 figmentum
712 1960 884 2039 oneratique
895 1958 961 2020 telis
976 1958 1065 2031 Gelli,
1079 1958 1188 2039 quibus

229 2050 279 2103 aut
292 2058 419 2122 corpora
432 2041 572 2102 transfixa
586 2047 635 2102 aut
651 2051 842 2122 praegrauata
861 2043 1085 2105 inhaerentibus
1100 2060 1188 2121 gere·

227 2125 300 2188 bant
314 2132 405 2197 scuta,
421 2142 488 2187 cum
500 2143 589 2188 cursu
599 2143 693 2207 paene
707 2126 739 2187 in
751 2126 905 2189 adversum
916 2127 1071 2194 subissent,
1086 2127 1188 2201 primo

188 2216 221 2270 10
229 2211 335 2272 incerti
357 2210 511 2281 restitere;
536 2209 604 2271 dein
625 2228 694 2273 cum
711 2212 774 2290 ipsa
790 2212 936 2273 cunctatio
965 2208 1055 2269 ethis
1070 2207 1187 2269 animos

228 2296 383 2357 minuisset
401 2302 431 2357 et
445 2295 573 2356 auxisset
586 2294 677 2365 hosti,
695 2292 804 2373 inpulsi
818 2303 898 2354 retro
918 2309 1007 2352 ruere
1027 2288 1076 2351 alii
1094 2308 1187 2371 super

229 2377 301 2440 alios
327 2385 514 2457 stragemque
539 2377 618 2437 iuter
639 2393 671 2436 se
699 2375 789 2436 caede
814 2377 878 2454 ipsa
906 2374 1069 2436 foediorem
1098 2373 1185 2437 dare:

229 2461 302 2522 adeo
322 2460 476 2540 praecipiti
505 2458 593 2520 turba
619 2457 721 2519 obtriti
741 2456 841 2536 plures
865 2476 953 2539 quam
974 2459 1054 2520 terro
1078 2461 1186 2522 necati.

198 2553 212 2603 1
227 2542 327 2604 XXIV.
356 2539 489 2603 Necdum
506 2547 587 2601 certa
600 2541 741 2602 Romanis
757 2542 877 2603 victoria
895 2549 972 2614 erat;
989 2542 1045 2605 alia
1059 2545 1090 2605 in
1105 2561 1186 2604 cam·

198 2637 300 2705 epum
316 2623 463 2702 degressis
478 2631 632 2703 supererat
645 2623 753 2685 moles:
770 2643 899 2707 namque
914 2627 1070 2690 multitudo
1087 2626 1186 2691 Gallo·

228 2727 295 2768 rum
318 2724 438 2769 sensum
459 2725 577 2769 omnem
597 2706 663 2769 talis
689 2707 789 2770 damni
811 2728 991 2792 exsuperans
1010 2712 1088 2774 velut
1111 2729 1186 2773 nora

229 2809 334 2854 rursus
352 2792 502 2853 exoriente
516 2793 578 2852 acie
593 2792 742 2871 integrum
753 2793 875 2857 militem
890 2794 1029 2858 adversus
1045 2798 1186 2857 rictorem

196 2877 344 2939 bhostem
368 2873 479 2947 ciebat;
501 2877 640 2956 stetitque
665 2895 823 2957 suppresso
843 2881 957 2960 impetu
970 2879 1134 2951 Romanus,
1158 2887 1187 2939 et

229 2963 297 3042 quia
307 2961 414 3023 iterum
425 2960 510 3022 fessis
524 2959 677 3023 subeunda
689 2962 836 3023 dimicatio
848 2972 925 3036 erat,
938 2970 968 3025 et
981 2963 1060 3045 quod
1075 2960 1186 3035 consul,

229 3045 299 3108 dum
312 3046 391 3107 inter
412 3046 558 3123 primores
576 3046 711 3106 incautus
733 3047 836 3125 agitat,
858 3047 940 3110 laevo
963 3066 1066 3109 umero
1081 3048 1187 3108 matari

195 3138 212 3187 t
226 3148 320 3210 prope
338 3129 462 3191 traiecto
473 3136 602 3189 cesserat
615 3147 776 3210 parumper
792 3149 828 3192 ex
844 3134 916 3193 acie.
946 3133 1065 3211 lamque
1079 3132 1187 3192 omissa

230 3213 394 3275 cunctando
409 3213 532 3274 victoria
553 3219 631 3285 erat,
654 3232 722 3276 cum
744 3215 847 3277 consul
862 3215 984 3277 vulnere
1006 3215 1124 3296 alligato
1140 3233 1188 3278 re·

228 3305 328 3358 vectus
343 3296 380 3358 ad
395 3299 490 3376 prima
507 3297 589 3375 sigua
615 3297 713 3378 „quid
727 3307 800 3370 stas,
817 3297 946 3360 milesi“
968 3301 1077 3379 inquit:
1101 3317 1187 3371 „nou

230 3395 297 3440 cum
311 3380 416 3441 Latino
431 3379 599 3460 Sabinoque
612 3381 698 3443 hoste
710 3401 760 3443 res
781 3389 838 3451 est,
864 3401 951 3463 quem
969 3384 1078 3446 victum
1098 3384 1188 3446 armis

198 3464 341 3526 bsocium
357 3480 392 3522 ex
404 3462 488 3523 hoste
505 3463 609 3525 iacias:
624 3466 657 3525 in
671 3464 772 3527 beluas
785 3467 957 3527 strinximus
971 3466 1098 3538 terrum:
1116 3469 1188 3529 bau·
