2575 4067
205 179 267 243 208
515 189 608 232 amna
623 188 687 230 xxr.
703 186 772 230 oar.
786 176 814 227 4.
829 173 856 225 t.

206 342 345 421 princeps
361 341 392 400 in
406 336 552 417 proellum
566 335 641 406 ibat,
657 333 777 396 rdtimus
791 341 928 396 conserto
947 333 1060 413 proelio
1079 353 1189 398 exce·

177 422 304 485 edebat.
335 422 388 484 has
398 428 493 483 tantas
504 421 559 481 viri
571 420 692 481 virtutes
706 418 836 496 ingentia
844 419 915 479 uitia
926 417 1109 497 aequabant:
1126 420 1186 480 in·

208 516 338 569 humana
355 504 526 574 crudelitas,
542 502 665 581 pertidia
679 499 745 581 plus
759 518 847 580 quam
861 501 987 572 Punica,
1005 500 1080 562 nihil
1094 504 1176 576 veri,

208 589 281 652 nihil
307 591 414 661 sancti,
438 586 536 649 nullus
556 585 644 648 deum
666 592 776 656 metus,
795 583 908 646 nullum
927 586 973 646 ius
994 585 1178 654 iurandum.

167 681 199 733 1ο
210 672 290 736 nulla
311 671 424 752 religio.
469 689 535 732 cum
558 670 614 731 hac
637 666 737 730 indole
756 669 895 731 virtutum
916 650 1178 748 atque‘ffirum

208 757 335 819 triennio
346 755 401 818 sub
412 752 594 817 Hasdrubale
608 754 788 832 imperatore
802 753 911 813 meruit
946 751 1006 814 ulla
1019 769 1067 823 re,
1090 770 1179 831 quac

208 840 321 921 agenda
333 838 514 918 videndaque
529 854 636 915 magno
651 837 749 898 luturo
762 834 828 896 duci
840 843 931 907 esset,
946 816 1176 980 praetelalssa.

182 931 195 982 1
269 926 303 986 V.
335 923 471 986 Ceterum
486 940 522 983 ex
537 938 594 1000 quo
610 920 658 981 die
669 918 728 980 dux
745 926 790 979 est
800 917 978 991 declaratus,
993 919 1060 981 velu
1098 919 1175 981 talia
1194 992 1198 999 ²

206 1010 235 1068 ei
246 1008 396 1088 provincia
407 1006 525 1067 decreta
538 1002 706 1083 bellumque
717 1001 881 1064 Romanum
897 1002 1066 1064 mandatum
1078 1012 1174 1074 esset,

180 1091 280 1152 anihil
294 1088 499 1171 prolatandum
514 1094 609 1159 ratus,
624 1104 663 1149 ne
678 1104 710 1147 se
726 1103 859 1166 quoque,
876 1094 909 1149 ut
922 1094 1037 1165 patrem
1053 1086 1174 1148 Hamil·

209 1192 324 1245 carem,
341 1172 447 1235 deinde
458 1169 886 1241 Hasdrubalemmunctantem
898 1187 982 1231 casus
996 1169 1102 1250 aliquis
1115 1189 1174 1251 op·

180 1260 363 1339 aprimeret,
388 1256 556 1335 Saguntinis
579 1255 692 1316 inferre
710 1251 821 1315 bellum
841 1254 951 1314 statuit.
986 1253 1093 1333 quibus
1114 1271 1173 1334 op·

207 1340 372 1421 pugnandis
387 1341 454 1420 qula
469 1339 548 1401 haud
563 1339 650 1400 dubie
665 1337 796 1398 Romana
810 1355 892 1398 arma
905 1335 1114 1408 movebantur,
1135 1339 1172 1399 in

209 1423 350 1487 Olcadum
368 1426 451 1505 prius
470 1425 544 1484 flues
561 1456 596 1467 -
612 1420 690 1484 ultra
710 1419 851 1482 Hiberum
872 1438 906 1481 ea
929 1437 1002 1499 gens
1024 1421 1056 1481 ln
1081 1428 1190 1500 parte*

209 1508 302 1586 magis
323 1524 410 1586 quam
430 1507 462 1566 in
482 1505 597 1567 dicione
614 1504 897 1584 Carthaginiensium
918 1512 1038 1566 erat-
1051 1504 1169 1566 induxit

208 1591 384 1659 exercitum,
409 1596 441 1648 ut
462 1606 522 1650 non
543 1591 652 1669 petisse
668 1588 859 1666 Saguntinos,
882 1586 934 1648 sed
955 1605 1056 1650 rerum
1077 1589 1167 1657 serie,

208 1673 339 1733 finitimis
354 1671 472 1732 domitis
487 1671 637 1748 gentibus,
657 1672 864 1750 lungendoque
878 1678 989 1733 tractus
1004 1672 1041 1732 ad
1057 1671 1086 1731 id
1099 1670 1165 1731 bel-

180 1754 492 1833 alumrideriposset.
523 1754 668 1818 Cartalam
679 1755 784 1816 urbem
797 1753 1165 1835 opulentam,caputgen·

208 1840 245 1898 tis
260 1839 336 1909 eius,
353 1847 500 1917 expugnat
515 1838 687 1920 diripitque;
706 1857 763 1918 quo
775 1846 855 1900 metu
871 1837 1025 1918 perculsae
1036 1841 1165 1900 minores

209 1922 339 1984 civitates
346 1922 492 2002 stipendio
499 1923 627 2004 inposito
638 1923 796 2002 imperium
802 1919 953 2002 accepere.
975 1923 1068 1983 victor
1081 1940 1165 1983 exer·

209 2006 283 2067 citus
298 2005 512 2086 opulentusque
527 2007 637 2087 praeda
653 2006 858 2084 Carthaginem
877 2023 982 2067 noram
996 2007 1027 2065 in
1039 2005 1164 2067 hiberna

175 2097 253 2169 best
268 2090 419 2153 deductus.
459 2090 501 2155 ibi
521 2091 603 2170 large
623 2088 778 2171 partiendo
798 2089 938 2167 praedam
959 2088 1164 2169 stipendioque

207 2177 367 2253 praeterito
384 2193 451 2237 cum
472 2174 529 2236 tide
550 2173 725 2237 exsolvendo
747 2174 859 2234 cunctis
879 2173 985 2234 civium
1004 2171 1164 2234 sociorum·

208 2276 265 2337 que
281 2260 386 2322 animis
401 2261 432 2319 ln
447 2277 480 2320 se
496 2260 618 2320 firmatis
633 2275 702 2318 vere
725 2257 822 2337 primo
836 2258 867 2316 in
881 2255 1027 2318 Vaccaeos
1045 2274 1162 2336 promo·

180 2347 270 2402 otum
295 2341 414 2404 bellum.
460 2342 656 2403 Hermandica
685 2347 715 2402 et
735 2338 879 2401 Arbocala
898 2357 1002 2401 eorum
1023 2339 1114 2402 urbes
1136 2342 1161 2401 ri

207 2434 319 2503 captae.
352 2422 495 2487 Arbocala
518 2434 547 2486 et
567 2427 674 2485 virtute
694 2431 723 2484 et
744 2422 929 2484 multitudine
950 2424 1159 2503 oppidanorum

179 2506 259 2566 adiu
280 2507 409 2568 defensa.
450 2506 486 2569 ab
504 2508 701 2568 Hermandica
720 2506 838 2586 profugi
859 2505 992 2568 exulibus
1014 2505 1158 2578 Olcadum,
1263 2556 1270 2569 .

206 2589 307 2666 priore
318 2596 427 2650 aestate
439 2591 566 2652 domitae
581 2591 692 2667 gentis,
704 2608 771 2651 cum
784 2609 815 2651 se
827 2591 1004 2661 iunxissem,
1018 2574 1162 2653 concitant

181 2671 402 2750 8Carpetanos,
422 2673 574 2752 adortique
588 2672 782 2735 Hannibalem
798 2691 966 2752 regressum
981 2692 1016 2735 ex
1028 2674 1160 2737 Vaccaeis

208 2754 286 2816 haud
311 2754 414 2836 procul
435 2757 517 2835 Tago
545 2755 664 2817 flumine
684 2774 789 2836 agmen
818 2774 905 2836 grave
933 2757 1043 2836 praeda
1064 2758 1158 2819 turba·

155 2832 302 2939 Q
320 2839 466 2902 Hannibal
483 2839 596 2921 proelio
613 2839 767 2910 abstinuit,
785 2843 946 2920 castrisque
962 2859 1054 2921 super
1070 2844 1157 2922 ripam

93 2930 154 2999 β’
206 2926 318 3004 positis,
336 2942 402 2986 cum
414 2927 509 3006 prima
521 2926 603 3005 quies
616 2923 822 3003 silentiumque
834 2923 871 2985 ab
882 2923 1017 2986 hostibus
1028 2925 1092 2997 luit,
1103 2943 1157 2986 am·

207 3027 276 3069 nem
296 3008 370 3070 rado
391 3011 520 3080 traiecit,
548 3006 682 3087 valloque
708 3009 752 3085 ita
768 3007 926 3088 producto,
955 3017 992 3085 qt
1006 3007 1102 3070 locum
1122 3008 1156 3068 ad

206 3092 483 3172 transgrediendum
501 3092 600 3153 hostes
614 3090 775 3161 haberent,
790 3092 928 3154 invadere
943 3110 994 3153 cos
1009 3099 1155 3153 transeun-

166 3179 197 3231 lo
209 3182 252 3236 tes
273 3177 382 3238 statuit.
411 3175 556 3257 equilibus
569 3176 735 3255 praecepit,
751 3182 799 3245 ut,
815 3192 882 3236 cum
897 3177 1045 3255 ingressos
1060 3192 1157 3255 aquam

206 3259 347 3332 riderent,
360 3259 547 3322 adorirentur
559 3257 731 3340 impeditum
743 3276 857 3336 agmen,
873 3260 903 3319 in
914 3261 979 3340 ripa
992 3257 1158 3339 elephantos

166 3345 245 3397 11-
264 3344 455 3422 quadraginta
478 3352 573 3406 autem
595 3350 679 3405 erant
699 3376 742 3386 -
755 3341 892 3421 obponit.
931 3344 1157 3421 Carpetanorum

205 3439 273 3483 cum
293 3425 504 3505 adpendicibus
519 3425 659 3488 Olcadum
676 3426 933 3510 Vaccaeorumque
950 3435 1069 3488 centum
1085 3425 1156 3488 milia
