2575 4067
269 196 363 237 emen
379 197 455 239 1111.
472 198 540 240 our.
557 188 601 239 47.
617 186 661 240 48.
679 177 719 259 [a.
738 181 772 240 O.
787 177 848 259 216]
978 183 1039 245 303

84 341 231 406 Gallorum
248 342 506 422 Hispanorumque
524 343 638 405 laevum
661 360 754 404 cornu
770 361 837 403 cum
858 343 961 405 dextro
980 344 1037 405 lio·

82 444 168 487 mano
180 428 345 496 concurrit,
361 427 482 487 minime
494 428 638 506 equestris
649 444 732 487 more
747 444 878 505 pugnae:
893 425 1067 489 frontibus2

80 511 161 570 euim
180 510 310 571 adversis
333 511 569 571 concurrendum
593 520 672 579 erat,
702 511 770 589 quia
795 509 876 569 nullo
898 513 976 571 circa
1001 511 1038 572 ad

81 593 263 671 evagandum
277 592 380 653 relicto
393 594 486 672 spatio
507 593 576 655 binc
593 595 703 664 amum,
728 593 797 652 hinc
816 593 947 672 peditum
962 594 1038 654 acies

80 674 263 737 claudebant.
299 678 331 736 in
348 676 499 737 derectum
520 679 669 757 utrimque
693 677 821 736 nitentes
839 675 983 737 stantibus
1005 683 1064 736 act

80 760 221 820 confertis
241 766 390 838 postremo
419 758 504 820 turba
527 763 609 840 equis
630 762 675 821 vir
694 761 790 821 virum
814 759 965 839 amplexus
987 758 1037 819 de·

80 842 215 904 trahebat
237 860 323 922 eque.
358 842 495 920 pedestre
515 862 621 922 magna
643 845 702 904 iam
723 850 863 923 exparte
888 850 1038 903 certamen

79 927 189 987 factum
210 933 287 994 erat;
314 926 410 987 acrius
433 935 532 987 tamen
552 945 639 1006 quam
665 926 773 988 diutius
799 934 961 1005 pugnatum
983 932 1036 995 est,

79 1008 214 1089 pulsique
234 1010 359 1070 Romani
384 1010 495 1088 equites
522 1017 605 1088 terga
631 1017 758 1071 vertunt.
813 1009 868 1070 sub
894 1009 1067 1088 equestrise

79 1093 168 1153 finem
187 1093 355 1153 certaminis
370 1100 470 1153 coorta
482 1100 527 1153 est
541 1093 674 1171 peditum
687 1111 799 1173 pugna,
815 1094 912 1172 primo
927 1102 957 1152 et
969 1093 1036 1151 viri-

79 1177 134 1236 bus
150 1182 179 1235 et
194 1176 298 1236 animis
318 1194 387 1255 par,
410 1175 479 1235 dum
499 1176 673 1237 constabant
694 1177 812 1237 ordines
827 1174 916 1236 Gallis
933 1176 1036 1254 llispa·

79 1261 197 1337 nisque;
215 1258 334 1319 tandem
345 1258 485 1327 Romani,
501 1259 597 1319 diuae
610 1278 699 1340 saepe
711 1261 817 1328 conisi,
835 1278 927 1338 aequa
939 1259 1064 1319 frontet

80 1344 199 1421 acieque
220 1342 310 1402 densa
336 1340 471 1421 inpulere
496 1343 622 1404 hostium
652 1360 778 1404 cuneum
807 1345 893 1403 nimis
917 1349 1036 1404 tenuem

80 1444 171 1505 eoque
186 1443 291 1504 parum
306 1426 448 1495 validum,
464 1444 480 1485 a
495 1435 592 1487 cetera
607 1428 824 1506 prominentem
839 1429 910 1488 acie.
940 1424 1066 1506 inpube

78 1511 118 1570 sis
137 1509 243 1570 deinde
266 1527 300 1570 ao
327 1509 441 1588 trepide
470 1509 668 1572 referentibus
688 1510 795 1589 pedem
821 1512 972 1580 insistere,
1001 1526 1036 1570 ac

78 1604 180 1653 tenore
191 1610 250 1653 uno
265 1611 320 1671 per
334 1610 476 1673 praeceps
491 1612 599 1673 pavore
616 1593 791 1672 fugientium
806 1611 911 1672 agmen
926 1595 958 1654 in
974 1609 1035 1653 me·

78 1677 155 1737 diam
174 1678 303 1755 primum
323 1677 417 1737 aciem
437 1676 517 1737 inlati
544 1685 695 1758 postremo
719 1676 799 1739 nullo
825 1678 980 1738 resistente
999 1674 1036 1736 ad

77 1759 206 1821 subsidia
220 1759 357 1819 Afrorum
373 1768 585 1838 pervenerunt,
607 1763 658 1840 qui
673 1763 820 1840 utrimque
835 1761 964 1822 reductis
983 1760 1061 1820 alisi

78 1844 286 1912 constiterant,
310 1842 421 1910 media,
444 1859 500 1921 qua
514 1843 590 1904 Galli
605 1844 785 1923 Hispanique
802 1851 959 1915 steterant,
983 1842 1035 1904 ali·

77 1934 219 2007 quantum
236 1928 424 2005 prominente
439 1927 510 1985 acie.
541 1927 592 2004 qui
607 1943 718 1987 cuneus
733 1936 765 1986 ut
782 1926 885 2004 pulsus
905 1927 1064 2007 aequavitt

76 2011 205 2072 frontem
229 2010 371 2088 primum,
404 2007 472 2067 dein
493 2008 625 2069 cedendo
649 2010 737 2069 etiam
759 2011 856 2069 sinum
879 2012 910 2069 in
937 2010 1034 2071 medio

77 2094 170 2164 dedit,
189 2093 253 2153 nni
270 2095 349 2152 circa
367 2094 425 2151 iam
442 2109 552 2153 cornua
565 2091 712 2161 fecerant,
731 2091 974 2171 inruentibusque
990 2095 1034 2153 in·

77 2186 162 2239 caute
177 2179 208 2236 in
224 2175 354 2237 medium
363 2174 503 2235 Romanis
519 2175 741 2237 circumdedere
753 2174 828 2243 alas;
844 2194 912 2236 mox
925 2192 1033 2236 cornua

78 2258 263 2320 extendendo
280 2258 413 2320 clausere
427 2267 457 2318 et
472 2258 508 2318 ab
524 2266 607 2336 tergo
623 2259 725 2320 hostis.
758 2259 827 2319 binc
841 2259 966 2319 Romani
986 2258 1063 2317 dett

79 2343 171 2403 functi
193 2342 371 2420 nequiquam
396 2340 510 2419 proelio
530 2361 604 2413 uno,
636 2343 752 2403 omissis
775 2340 863 2402 Gallis
884 2342 1034 2421 llispanis·

77 2444 152 2506 que,
167 2443 293 2504 quorum
309 2432 392 2503 terga
404 2425 584 2497 ceciderant,
601 2436 631 2486 et
644 2426 783 2487 adversus
793 2426 879 2486 diros
889 2426 1034 2502 integram

76 2528 204 2589 pugnam
229 2510 347 2580 ineunt,
373 2526 432 2570 non
456 2518 567 2571 tantum
593 2528 628 2570 eo
655 2510 800 2589 iniquam,
826 2508 905 2588 quod
929 2507 1033 2568 inclusi
1044 2509 1074 2563 le

77 2593 217 2657 adversus
232 2592 440 2663 circumfusos,
462 2592 621 2656 sedetiam
632 2594 711 2672 quod
732 2594 802 2655 fessi
817 2610 885 2654 cum
907 2593 1032 2653 recenti·

76 2678 131 2739 bus
146 2697 180 2739 ac
195 2679 303 2753 vegetis
316 2677 495 2758 pugnabant.

136 2762 257 2822 vanl.
291 2762 352 2822 lam
367 2770 396 2822 et
410 2763 527 2823 sinistro
540 2778 633 2821 cornu
646 2762 800 2830 Romanis,
820 2759 870 2820 ubi
885 2761 1032 2821 sociorum
1046 2765 1057 2814 t

77 2845 189 2922 equites
210 2844 348 2904 adversus
365 2844 504 2905 Numidas
523 2851 679 2912 steterant,
700 2853 869 2903 consertum
888 2842 1033 2920 proelium

77 2935 154 2996 erat,
172 2944 262 3003 segne
277 2929 373 3004 primo
387 2938 444 2987 eta
458 2928 568 2988 Punica
582 2933 719 3004 coeptum
739 2925 852 2985 fraude.
881 2926 1060 3003 quingentiz

77 3011 171 3070 ferme
185 3010 345 3079 Numidae,
368 3018 485 3087 praeter
503 3009 588 3070 solita
609 3026 690 3069 arma
710 3006 826 3086 telaque
847 3005 959 3085 gladios
983 3025 1032 3068 cc·

77 3094 170 3156 cultos
191 3093 245 3153 sub
260 3094 358 3153 loricis
379 3091 535 3162 habentes,
557 3094 654 3171 specie
673 3092 891 3168 transfugarum
912 3110 979 3151 cum
996 3090 1032 3151 ab

77 3180 136 3240 suis
158 3194 275 3258 parmas
296 3184 362 3255 post
382 3186 462 3253 terga
490 3175 633 3235 habentes
653 3175 883 3255 adequitassent,
911 3180 1061 3254 repentes

77 3281 113 3323 ex
125 3264 207 3342 equis
214 3259 365 3329 desiliunt,
383 3261 551 3338 parmisque
562 3267 591 3318 et
604 3257 706 3319 iaculis
717 3265 785 3320 ante
799 3257 888 3337 pedes
903 3257 1031 3319 hostium

77 3347 214 3424 proiectis
239 3346 270 3405 in
295 3344 421 3404 mediam
445 3343 538 3403 aciem
564 3343 677 3420 accepti
698 3342 835 3420 ductique
858 3341 895 3402 ad
914 3341 1032 3404 ultimos

77 3430 231 3490 considere
250 3428 287 3489 ab
308 3437 392 3507 tergo
412 3426 560 3487 iubentur.
593 3444 628 3486 ac
650 3425 719 3486 dum
735 3423 880 3504 proelium
896 3426 933 3487 ab
953 3427 1032 3487 omni
