2575 4067
276 271 371 313 nmen
383 270 452 316 rm.
472 270 541 315 ose.
561 257 605 314 80.
620 257 663 311 tl.
677 251 717 332 [e
734 254 769 315 c.
784 252 844 337 tte]
1000 258 1040 326 81

101 435 218 480 uersum
231 416 348 479 hostilio
370 436 452 480 erma
471 418 588 481 subdito
608 420 678 498 igne
693 421 904 494 concremavit,
921 440 974 484 seu
989 430 1068 484 rot

92 510 144 562 tum
155 500 184 562 id
195 500 320 564 deorum
328 503 455 582 cuipiam
465 502 528 576 init,
541 502 726 565 seucredere
736 502 905 566 uberante
916 507 1039 579 auctori,

90 585 259 658 coiectum,
277 603 316 646 ne
329 604 399 648 suso
420 585 682 666 glorioeiructum
703 586 829 649 diener
849 597 970 669 cuperet
985 607 1038 652 uo·

87 686 207 750 meoque
222 669 265 731 ibi
280 669 425 733 scriberet
438 678 488 733 eut
501 670 594 752 spolie
608 672 641 733 in
661 671 812 752 triumpho
830 671 931 734 ierret.
961 671 1039 734 litte-
1049 681 1080 735 io

85 770 131 814 ree
147 771 266 834 quoque
291 753 328 815 de
354 772 389 816 re
412 772 557 836 prospere
578 762 660 835 geste
684 754 721 817 ed
745 763 895 828 sonetum,
922 772 983 818 non
1003 755 1039 819 ed

83 837 254 900 dictatorem
284 839 392 900 missso
420 846 628 919 argumentum
656 838 740 901 iuere
765 840 886 902 minime
911 857 978 901 oum
1003 858 1039 902 eo

81 923 325 984 communicantis
340 922 451 986 leudes.
480 924 521 986 lte
537 931 618 986 certe
636 921 763 984 dictum
786 922 817 984 id
831 923 941 988 iactum
955 940 1038 985 soce·

78 1007 135 1086 pit,
151 1013 186 1067 ut
206 1004 292 1067 laetis
307 1005 372 1067 eliis
386 1008 508 1069 victorie
523 1014 607 1089 portu
621 1024 695 1088 pree
708 1024 740 1069 se
753 1006 932 1069 ierretirum
947 1007 1038 1069 tristi·

77 1091 218 1171 uiamque.
247 1091 338 1153 misso
357 1092 456 1171 ituque
476 1098 600 1172 repente
619 1098 724 1153 senatu
743 1108 775 1153 se
796 1109 832 1154 ex
847 1093 929 1153 omia
942 1092 1077 1171 poert-11

75 1176 154 1254 pult,
171 1181 235 1236 tum
247 1191 319 1235 sero
329 1192 390 1237 non
404 1176 579 1238 Samnitium
594 1177 688 1255 magis
702 1174 833 1254 legiones
845 1193 932 1255 quem
947 1175 1038 1237 mule·

74 1266 183 1320 statem
207 1257 392 1320 dictatoriam
414 1267 445 1321 et
464 1258 648 1340 dmoipllnsm
675 1257 832 1320 militarem
855 1276 871 1319 e
896 1259 1037 1337 magistro

74 1344 210 1423 equitum
221 1344 327 1404 violem
340 1351 370 1404 et
384 1360 516 1405 eversum
527 1344 673 1415 diotimus,
689 1344 715 1403 si
725 1340 768 1404 illi
781 1344 891 1424 inpune
904 1349 1036 1423 spretum

72 1427 235 1508 imperium
247 1426 360 1489 fulsset.
390 1429 489 1508 itaque
503 1425 608 1507 plenus
621 1427 769 1489 uolnerum
783 1428 904 1508 uaeque
917 1426 1034 1508 proiec-
1047 1435 1079 1489 12

71 1519 121 1573 tus
144 1513 178 1571 in
200 1517 295 1572 cestra
318 1529 386 1573 cum
407 1512 542 1573 maximis
567 1511 725 1574 itineribus
744 1513 830 1585 isset,
855 1517 1035 1572 nontamen

71 1595 250 1676 praevenire
262 1594 517 1657 iememedventus
529 1597 575 1657 sul
585 1597 689 1677 potuit.
714 1595 1078 1675 praecurrereutenimli

71 1679 111 1741 eb
126 1679 204 1741 urbe
215 1679 266 1759 qul
279 1680 464 1749 nuntiarent,
480 1678 653 1742 dictatorem
665 1679 781 1742 uvidum
795 1697 910 1761 poenae
923 1680 1034 1753 venire,

72 1762 200 1825 alternis
214 1781 310 1843 peene
322 1762 420 1825 verbis
437 1763 472 1825 Τ.
489 1762 590 1826 bieniii
603 1763 714 1826 iactum
728 1763 907 1827 laudantem.

138 1846 243 1909 iiixl.
269 1846 378 1909 Fabius
394 1848 531 1910 contione
552 1847 858 1928 extemplo-advocatu
874 1848 1061 1914 obtestetusi

71 1931 182 1992 milites
201 1938 258 2002 est,
274 1938 322 2003 ut,
339 1949 397 2012 qua
412 1933 520 1994 virtute
537 1949 602 1993 rem
620 1930 770 2013 publicum
784 1930 822 1994 eb
837 1932 1034 1995 infestissimis

70 2012 210 2078 hostibus
224 2013 438 2087 deiendissent,
456 2014 559 2078 eedem
574 2033 620 2086 se,
638 2017 722 2078 cuius
736 2015 827 2077 ductu
842 2017 1034 2096 auspicioque

71 2100 228 2170 vicissent,
255 2098 292 2160 eb
311 2100 460 2179 inpotenti
480 2097 652 2160 erudelitate
669 2097 829 2161 dictatoris
849 2106 1033 2161 tutarentur:

71 2184 177 2245 venire
190 2191 336 2245 ementem
347 2182 463 2254 incidie,
475 2183 583 2244 iratum
589 2179 691 2244 virtuti
701 2181 817 2244 eliense
827 2180 1061 2261 felicitatiqum

71 2268 190 2339 tmere,
213 2267 292 2347 quod
309 2285 341 2328 se
361 2267 482 2329 absente
501 2264 687 2346 respublica
709 2266 828 2345 egregie
844 2271 925 2344 geste
940 2272 1033 2335 esset:

72 2350 177 2423 melle,
203 2352 229 2412 si
247 2358 364 2414 mutere
382 2351 531 2414 iortunem
546 2357 661 2432 posset,
686 2349 764 2429 apud
781 2348 925 2412 Samnites
946 2364 1033 2428 pom

71 2433 224 2497 Romanos
251 2437 406 2497 victoriam
433 2454 512 2505 esse;
541 2436 700 2516 Imperium
728 2433 864 2497 dictitare
889 2439 1061 2515 spretume

72 2526 226 2600 tamquam
242 2536 302 2581 non
320 2519 424 2582 eedem
437 2527 538 2583 mente
551 2521 679 2601 pugnari
692 2519 833 2589 vetuerit,
848 2537 906 2600 que
918 2534 1031 2599 pugne·

72 2611 135 2665 tum
151 2601 266 2665 doleat:
282 2611 312 2666 et
327 2612 398 2666 tuno
413 2605 521 2667 invidia
535 2605 670 2685 inpedire
689 2605 828 2667 virtutem
844 2602 968 2666 obsum
981 2620 1032 2663 vo·

72 2686 163 2750 luisse
178 2687 433 2769 cupidissimisque
446 2706 528 2751 mmo
542 2688 707 2752 ablaturum
724 2689 814 2752 fuisse
828 2687 977 2761 militibus,
993 2704 1032 2749 ue

72 2790 104 2833 se
123 2770 247 2833 absente
267 2774 380 2834 moveri
402 2780 537 2853 possent,
562 2781 592 2835 et
614 2773 740 2836 nuncid
762 2772 878 2845 iurere,
899 2771 930 2833 ld
943 2784 1060 2850 aegros

71 2857 151 2936 pati,
168 2857 248 2936 quod
259 2856 323 2917 sine
337 2857 370 2918 L.
382 2856 500 2937 Papirio
514 2875 574 2919 non
584 2858 730 2929 inermes,
745 2875 806 2919 nou
816 2856 913 2918 munci
923 2852 1030 2915 milites

71 2939 200 3012 inerint,
220 2939 301 3021 quud
318 2958 350 3002 se
366 2940 401 3013 Q.
413 2940 522 3004 Fabius
532 2943 707 3021 magistrum
722 2940 853 3021 equitum
869 2938 986 3000 duxerit
996 2953 1031 2997 ec

72 3041 135 3084 non
151 3041 309 3086 accensum
326 3024 486 3087 dicuturis.
520 3026 591 3106 (prid
607 3024 690 3087 ilium
704 3023 851 3086 iacturum
868 3021 974 3091 luisse,
993 3020 1058 3092 sie

73 3107 154 3187 quod
169 3107 239 3169 bebi
252 3126 336 3170 cesus
347 3108 447 3170 ierunt
457 3110 594 3191 Morsque
605 3110 785 3181 communis,
800 3106 921 3168 adverse
930 3119 1031 3185 pugna

71 3192 228 3265 evenisset,
245 3194 296 3274 qui
306 3192 362 3254 sibi
377 3192 498 3255 devictis
509 3193 657 3265 hostibus,
673 3190 834 3275 republica
848 3188 925 3251 bene
938 3195 1029 3267 geste,

70 3277 113 3338 ite
127 3285 161 3338 ut
176 3294 237 3339 non
252 3275 289 3338 eb
304 3276 355 3339 illo
370 3276 459 3340 unico
472 3275 546 3340 duce
560 3276 667 3339 melius
680 3279 744 3356 geri
758 3274 902 3356 potuerit,
917 3270 1028 3354 suppli·

72 3360 152 3422 cium
172 3362 315 3440 magistro
337 3362 469 3443 equitum
496 3360 639 3422 mineturi
660 3376 757 3441 neque
782 3356 867 3419 ilium
886 3358 1060 3436 magistros

72 3446 205 3525 equitum
222 3445 406 3508 infestiorem
417 3463 506 3527 quam
519 3444 647 3507 tribunis
661 3442 800 3515 unitim,
820 3460 909 3524 mem
927 3443 1027 3506 centr-

73 3528 224 3601 tionibus,
248 3549 336 3612 quom
355 3529 498 3594 militibus
517 3547 590 3594 csse.
627 3529 778 3611 siposset,
797 3528 830 3590 in
844 3544 946 3591 omnes
963 3544 1028 3591 see

116 3646 143 3683 r.
159 3645 223 3684 nm
241 3645 310 3683 ens
329 3646 363 3683 11.
523 3665 546 3675 .-
807 3618 826 3680 6
