2575 4067
181 228 277 271 mne
288 229 359 273 vm.
382 228 451 272 oar.
469 216 511 268 37.
526 215 570 270 38.
589 206 630 290 [a.
648 210 682 273 0.
697 209 922 295 albato-822]
990 213 1032 282 ω

137 376 248 439 Eodem
259 394 335 439 anno
351 376 388 437 de
399 374 573 438 Tusculanis
586 375 683 438 Flavia
695 379 847 456 rogatione
860 377 962 460 populi
976 378 1061 442 luite

86 458 224 523 iudicium.
252 460 290 522 Μ.
303 459 420 523 Flavius
435 458 570 521 tribuum
584 458 680 539 plebis
696 459 762 523 tulit
776 461 813 522 ad
826 462 982 543 populum,
998 471 1031 526 ut

84 544 303 607 inimculanos
318 543 615 614 animadverteretur,
630 562 758 625 qnorum
779 540 909 628 [eorum]
926 565 982 627 ope
997 565 1031 610 ac

85 627 195 691 consilio
210 628 353 691 Veliterni
368 629 613 709 Privernatesque
635 627 745 710 populo
766 628 901 691 Romano
920 629 1031 694 bellum

82 710 221 775 iecissent.
259 712 386 794 populus
401 711 585 775 Tusculanus
605 729 674 775 oum
689 710 861 792 coningibus
883 729 919 775 ac
933 711 1061 777 innuo

82 793 195 858 Romam
207 798 298 859 venit
325 814 361 859 ea
374 795 532 859 multitudo
548 803 627 858 reste
638 803 750 859 mutata
761 804 790 859 et
800 796 900 877 speeie
913 813 1033 860 reorum

82 879 167 942 tribas
181 883 303 953 cuerit,
321 879 446 961 genibus
460 898 492 943 se
507 882 639 943 omnium
655 880 820 943 advolvens.
853 879 920 961 plus
933 880 1031 962 itaque
1044 886 1075 940 lo

80 965 277 1028 misericordia
293 966 329 1028 ad
344 982 458 1046 poenae
476 966 590 1027 veniam
612 965 829 1046 impetrandam
842 983 930 1046 quam
946 982 1033 1027 cama

81 1047 112 1108 ad
122 1050 235 1116 odmen
242 1050 429 1131 purgandum
441 1047 539 1111 valuit.
560 1046 1072 1130 tribauomneepraeterPolllamii

80 1134 265 1215 antiquarunt
278 1134 383 1214 legem.
417 1132 527 1196 Polline
541 1134 686 1197 sententia
703 1134 772 1205 init,
788 1132 917 1213 puberes
929 1132 1034 1194 verbe·

80 1224 152 1278 ratos
172 1220 291 1291 necari,
315 1220 455 1298 coniuges
475 1217 644 1299 liberosque
668 1217 723 1280 sub
743 1235 855 1279 corona
879 1216 945 1296 iege
964 1216 1034 1278 belli

80 1302 187 1373 renim
205 1304 440 1384 memoriamque
455 1303 518 1364 suu
532 1303 595 1365 irae
610 1301 785 1364 Tusculanis
799 1303 829 1363 in
844 1319 958 1382 poenae
974 1308 1034 1363 tam
1044 1307 1076 1358 12

81 1389 180 1449 atmois
195 1395 334 1449 auctores
347 1387 489 1448 memisse
505 1386 541 1448 ad
555 1393 674 1467 patrum
688 1393 812 1448 aetatem
833 1393 960 1458 constat,
979 1403 1035 1447 noc

79 1485 252 1609 quemqnam
276 1472 371 1533 fermo
395 1489 432 1533 ex
455 1469 548 1533 Pollia
577 1470 656 1532 tribu
682 1469 869 1532 candidatum
888 1470 1035 1551 Papiriam

90 1570 152 1615 erre
166 1556 298 1617 solitum.

135 1638 290 1702 XXXVili.
321 1639 492 1717 Insequenti
517 1656 609 1709 anno,
634 1639 669 1712 Q.
686 1636 777 1700 Fabio
793 1637 826 1700 L.
843 1637 945 1701 Fulvio
964 1643 1061 1700 con-1

80 1718 198 1795 subus,
214 1725 250 1786 A.
268 1721 423 1786 Cornelius
436 1724 544 1784 Arvina
559 1722 686 1786 dictator
706 1731 736 1785 et
749 1722 788 1785 ll.
805 1721 913 1786 Fabius
924 1721 1035 1786 limiu-

81 1810 136 1865 stus
147 1810 290 1887 magister
310 1810 441 1889 equitum
462 1815 543 1870 metu
562 1809 705 1886 gravioris
723 1808 755 1868 in
772 1806 891 1869 Samnio
908 1805 978 1869 belli
993 1841 1036 1856 -

81 1889 219 1954 conducta
234 1893 315 1954 enim
330 1892 429 1972 pretio
442 1910 459 1953 a
473 1892 604 1954 tinitimis
615 1893 750 1954 iuventus
765 1889 916 1953 dicebatur
931 1925 975 1940 -
990 1892 1036 1952 in·

81 1976 200 2037 lentiore
216 1975 327 2039 dilectu
340 1975 441 2040 habito
457 1976 610 2055 egregium
621 1976 783 2037 exercitum
798 1974 937 2037 adversus
952 1974 1036 2037 Sam-

81 2055 151 2118 nites
165 2060 326 2122 duxerunt.
355 2068 451 2121 castra
461 2060 494 2124 in
508 2059 622 2121 hostico
635 2060 784 2120 incuriose
795 2058 835 2119 iia
846 2061 950 2137 posita,
962 2065 1064 2120 tam-2

83 2155 163 2216 mam
177 2143 285 2224 procul
299 2144 416 2206 abesset
436 2143 545 2212 hostis,
562 2160 630 2204 cum
644 2141 742 2203 subito
757 2140 904 2202 advenere
921 2140 1035 2203 Samni·

82 2222 148 2286 lium
163 2227 299 2310 legiones
314 2235 395 2290 tanta
410 2226 538 2297 ierocia,
554 2233 588 2288 ut
600 2224 708 2287 vallum
721 2240 814 2304 usqne
830 2224 866 2284 ad
881 2225 1036 2285 stationem

84 2303 243 2375 Romanam
254 2312 410 2374 inierrent.
434 2329 494 2373 nor
504 2310 563 2371 iam
575 2308 747 2390 adpetebat;
763 2306 794 2368 id
809 2305 1065 2385 prohibuimus

84 2389 206 2457 nimenta
221 2396 349 2466 adoriri;
375 2413 431 2457 nec
447 2392 671 2456 dissimulabant
691 2399 756 2455 orta
771 2390 838 2453 lnce
855 2398 975 2472 postero
990 2389 1037 2452 die

83 2470 214 2543 facturos.
249 2481 374 2543 dictator
393 2479 445 2542 ubl
463 2479 634 2560 propiorem
651 2495 704 2558 spe
726 2475 943 2539 dimicationem
957 2474 1066 2546 vidite

84 2571 118 2617 110
133 2563 260 2628 militum
277 2566 378 2626 viriani
394 2563 502 2626 damno
515 2562 598 2626 locus
617 2569 708 2633 esset,
725 2559 844 2640 ignibau
861 2559 974 2624 crebris
988 2578 1037 2622 re·

84 2635 161 2717 lictis,
177 2652 228 2729 qul
236 2657 426 2729 conspectum
440 2648 568 2710 bostium
579 2648 803 2718 frustrarentur,
819 2646 936 2709 silentio
947 2645 1037 2725 legio·

84 2738 132 2786 nes
148 2731 262 2803 educit;
284 2751 340 2798 uec
354 2740 454 2795 tamen
468 2731 572 2795 iallere
585 2740 709 2814 propter
725 2732 975 2813 propinquitatem
989 2748 1038 2792 ca·

86 2814 320 2898 atrorumpotuit.
338 2834 428 2898 eques
436 2815 584 2896 extemplo
590 2818 742 2878 insecutus
754 2817 796 2877 ita
802 2816 908 2879 institit
919 2815 1037 2894 agmini,
1050 2814 1067 2869 b

86 2898 122 2961 nt,
136 2896 230 2963 donec
254 2900 428 2973 lucesceret,
443 2900 556 2983 proelio
569 2898 745 2969 abstineret;
758 2916 796 2960 ne
811 2900 964 2978 pedestres
976 2898 1039 2976 qni·

88 2971 147 3040 dem
153 2987 256 3065 copiae
270 2994 338 3047 ante
351 2984 448 3047 lucem
455 2986 558 3048 castris
571 3000 718 3064 egressae.
741 2998 831 3061 eques
842 2981 907 3044 luce
922 2980 1068 3041 demnmd

87 3073 166 3125 iussas
179 3069 333 3131 incursare
354 3070 386 3130 in
404 3069 521 3134 bostem
537 3066 686 3149 carpendo
709 3065 883 3127 novissimos
902 3080 1040 3145 premen-

89 3139 299 3233 loqueturque
315 3153 352 3215 ad
366 3154 524 3215 transitum
545 3152 619 3215 iocis
632 3168 739 3233 agmen
754 3149 888 3212 detinuit
923 3147 1041 3210 interim

88 3228 172 3301 ledea
186 3238 315 3318 equitem
330 3237 502 3308 adsecutus;
518 3244 547 3298 et
563 3238 633 3297 totis
647 3238 707 3298 iam
719 3235 812 3313 copiis
824 3233 940 3296 Samnis
954 3248 1041 3310 urge·

88 3304 143 3374 bat.
170 3325 233 3383 inm
247 3321 390 3392 dictator,
404 3328 560 3402 postquam
574 3320 637 3381 sine
652 3335 761 3396 magno
775 3316 963 3380 incommodo
973 3324 1070 3397 pro-7

91 3397 169 3467 lredi
184 3421 243 3466 non
258 3415 390 3487 poterat,
406 3423 474 3467 eum
491 3406 604 3486 ipsum,
620 3404 724 3482 inquo
742 3402 927 3474 constiterat,
945 3399 1042 3464 locum

89 3486 184 3546 castris
199 3490 335 3553 dimetari
348 3490 441 3553 iussit.
472 3490 502 3550 id
516 3507 586 3550 vero
605 3485 789 3549 circumfuso
811 3487 941 3569 undique
961 3488 1042 3569 equi·
