2575 4067
321 229 499 273 1111111111.
514 227 583 273 oar.
601 218 627 273 7.
644 206 685 292 [e.
702 211 737 275 (1.
754 209 817 294 340]
1010 221 1051 287 55

86 379 198 442 deinde
215 380 299 460 equis
317 396 384 439 cum
399 379 481 458 prior
504 378 541 440 ed
552 378 719 440 iterandum
735 381 827 440 letum
841 379 966 443 1111111111
981 400 1052 445 eou-

84 465 285 536 surrexisset,
301 461 445 543 spienlum
462 463 540 525 inter
555 481 642 526 aures
658 464 726 544 equi
739 463 810 524 lixit
840 463 875 525 ad
893 466 976 527 errius
989 466 1050 529 vul·

83 550 171 611 neris
185 565 307 610 sensum
322 564 389 608 cum
411 564 504 628 aqum
518 546 668 629 prioribus
682 545 807 629 pedibus
824 549 930 610 erectis
943 568 1049 629 magna

83 635 112 694 ri
125 639 219 714 eaput
233 638 382 712 quateret,
398 632 527 694 excussit
538 633 682 711 equitem,
699 648 788 711 quem
803 631 1050 713 empideperme·
1061 641 1090 695 11

83 736 146 798 que
157 718 294 779 innixum
305 713 524 777 attollentemae
536 714 572 778 ab
585 715 666 796 gravi
676 732 746 777 casu
757 713 881 778 llanlius
892 713 930 776 ab
941 716 1049 795 iugulo,

81 802 125 863 ita
142 809 177 863 ut
192 819 247 880 per
264 805 360 861 costas
374 798 488 860 ierrum
504 800 663 871 emineret,
685 807 783 861 terrae
797 798 911 868 adiisin
933 799 1093 880 spoliis-12

81 904 146 966 que
163 884 248 946 lectis
270 882 306 945 ad
325 901 395 945 suos
414 892 549 946 revectus
572 902 639 946 cum
662 891 766 945 orante
788 882 894 964 gaudio
908 892 1006 947 turma
1020 888 1051 948 ln

80 978 188 1031 castra
200 976 286 1047 atque
303 967 372 1028 iude
384 966 421 1029 ad
433 969 615 1048 praetorium
630 967 667 1029 ad
678 977 792 1047 petrem
808 968 910 1041 tendit,
929 970 1050 1048 ignarus

81 1052 160 1114 iacti
174 1052 339 1131 futurique,
363 1050 426 1114 laus
441 1070 478 1114 an
493 1069 588 1131 poena
603 1053 710 1114 merita
727 1060 813 1114 esset.
846 1060 904 1124 „ut
920 1069 969 1115 1111
986 1062 1092 1116 1111-11

80 1155 142 1199 nes
151 1144 169 1170 “
185 1136 294 1216 inquit,
309 1143 407 1214 pater,
423 1143 473 1197 tuo
487 1137 631 1215 sanguiue
643 1143 741 1198 ortum
755 1154 824 1198 vere
835 1136 964 1209 ierreut,
979 1157 1047 1219 pro·

80 1228 209 1282 vocatus
226 1220 373 1300 equestria
386 1218 460 1281 haec
471 1220 564 1299 spolia
580 1227 664 1300 capta
680 1238 716 1281 ex
731 1220 816 1282 hoste
831 1238 917 1282 caeso
931 1229 1048 1302 porto.“

79 1304 167 1386 quod
183 1302 234 1365 ubi
248 1303 357 1365 audivit
372 1302 488 1377 consul,
504 1303 651 1384 extemplo
665 1303 758 1366 11111111
773 1308 1090 1367 1111111111111111-11

79 1406 156 1452 uem
171 1386 293 1450 classico
311 1386 447 1449 advocari
459 1389 552 1450 iussit.
584 1406 659 1469 qnae
674 1388 725 1451 ubi
739 1387 880 1469 frequens
895 1391 1045 1452 convenit:
1057 1396 1089 1450 io

46 1472 50 1478 ’
78 1471 316 1554 ,,111111111111111“
327 1472 423 1551 iuquit
438 1480 511 1544 „tu,
529 1471 564 1534 T.
575 1472 678 1544 llauli,
696 1473 960 1553 nequeimporium
976 1492 1046 1536 con·

78 1556 185 1619 sulare
204 1572 300 1635 neque
322 1556 504 1618 maiestatem
526 1557 652 1636 patriam
675 1558 784 1619 veritus
809 1556 949 1619 adversus
968 1558 1046 1621 edie-

77 1649 148 1705 tum
162 1646 299 1702 nostrum
317 1648 398 1700 estre
415 1639 549 1701 ordinem
565 1641 597 1701 ln
610 1640 728 1703 hostem
739 1644 878 1722 pugnasti
886 1650 934 1712 et,
953 1659 1045 1721 quau-
1056 1650 1089 1704 lo

77 1735 148 1788 tum
163 1726 197 1785 iu
214 1731 244 1785 te
259 1723 328 1795 luit,
349 1722 533 1804 disciplinam
546 1722 720 1796 militarem,
742 1743 800 1805 qua
821 1727 901 1788 stetit
918 1726 954 1788 ad
968 1727 1046 1790 hanc

78 1811 164 1872 diem
184 1807 318 1870 Romana
339 1823 403 1878 res,
424 1807 550 1876 solvisti,
573 1825 680 1889 meque
698 1810 732 1870 iu
752 1825 817 1871 eum
835 1812 1043 1874 necessitatem

78 1893 245 1963 adduxisti,
265 1900 299 1952 ut
318 1900 368 1958 aut
389 1891 585 1972 reipublicae
603 1893 679 1953 mihi
699 1901 749 1955 aut
769 1894 829 1954 mei
851 1911 1044 1975 meorumque

78 1974 318 2040 obliviscendum
339 1976 585 2056 slt,uospot1us
603 1985 708 2038 nostro
735 1977 842 2038 delicto
868 1976 1042 2059 plectemur,
1054 1985 1083 2038 ir

79 2079 173 2143 quam
198 2058 380 2140 respublica
403 2068 485 2121 tanto
507 2077 560 2121 suo
583 2060 691 2122 damno
711 2069 812 2122 nostra
837 2071 958 2141 peccata
972 2062 1043 2125 luat.

79 2148 170 2208 triste
182 2142 357 2224 exemplum,
373 2142 467 2204 sedin
478 2151 630 2223 posterum
640 2142 758 2205 salubre
768 2144 912 2206 iuventuti
923 2147 1043 2208 erimus.

78 2248 129 2293 me
145 2227 266 2309 quidem
286 2245 354 2289 eum
372 2228 504 2306 ingenita
526 2228 632 2289 caritas
657 2225 785 2288 liberum
806 2234 870 2287 tum
892 2229 1042 2308 specimen
1055 2237 1086 2289 18

78 2311 163 2375 istud
177 2314 293 2375 virtutis
308 2311 464 2392 deceptum
477 2329 552 2374 vana
566 2311 695 2389 imagine
709 2310 825 2371 decoris
839 2311 871 2370 iu
886 2316 915 2371 te
930 2322 1042 2383 movet:

78 2396 135 2459 sed
153 2414 220 2458 cum
242 2404 292 2458 aut
313 2405 409 2459 morte
429 2405 480 2459 tua
500 2394 660 2458 sancienda
671 2395 733 2457 siut
748 2392 903 2456 consulum
919 2396 1086 2475 imperiale

79 2489 133 2544 aut
145 2482 310 2560 inpunitate
324 2481 357 2541 in
371 2490 549 2561 perpetuum
566 2478 752 2558 abroganda,
767 2496 806 2541 ue
820 2486 851 2540 te
866 2479 1002 2560 quidem,
1018 2483 1044 2542 si

80 2564 154 2646 quid
169 2566 201 2624 iu
222 2571 251 2625 te
273 2565 367 2627 nostri
389 2565 541 2645 sangmuis
562 2573 622 2635 est,
649 2581 788 2626 recusare
803 2581 955 2635 censeam,
971 2565 1042 2645 quIn

81 2647 268 2728 discipliuam
281 2648 440 2710 militarem
452 2648 537 2729 culpa
548 2657 599 2711 tua
608 2647 777 2730 prolapsam
787 2666 882 2728 poena
891 2649 1040 2711 restituas.

79 2731 103 2806 1,
120 2731 223 2804 lictor,
243 2730 338 2811 deliga
357 2732 394 2794 ad
412 2732 544 2814 palum.“
573 2734 732 2795 exanimati
747 2750 850 2795 omues
870 2740 931 2795 tam
947 2735 1085 2795 11111111

79 2818 223 2897 imperio,
239 2835 294 2878 nec
307 2815 392 2878 aliter
405 2833 493 2897 quam
504 2818 536 2878 iu
549 2835 582 2879 11
593 2818 717 2897 quisque
732 2817 900 2879 destrictam
916 2834 1041 2878 ceruen-

77 2910 126 2962 tes
143 2917 292 2973 securem,
307 2909 389 2962 metu
403 2903 498 2980 magis
511 2919 599 2981 quam
609 2900 753 2961 modestia
767 2902 914 2980 qrrievere.
942 2902 1041 2979 itaque
1050 2907 1081 2959 11

80 2982 160 3046 velut
183 3002 298 3047 emerso
315 2982 352 3047 ab
372 2984 565 3047 admiratione
588 2984 701 3054 animo,
726 3000 794 3044 eum
813 2981 930 3044 silentio
953 2984 1041 3045 defixi

80 3070 240 3140 stetissent,
255 3076 388 3150 repente,
399 3077 555 3150 postquam
567 3068 682 3130 cervice
692 3083 778 3129 caesa
790 3065 873 3128 lusus
885 3073 930 3126 est
941 3084 1039 3137 cruor,

80 3160 143 3215 tum
154 3152 249 3215 libero
265 3161 429 3234 conquestu
439 3160 557 3216 coortae
568 3171 655 3218 noces
669 3159 751 3223 suut,
766 3158 800 3213 ut
811 3167 910 3230 ‘neque
927 3148 1038 3212 lamen·
1049 3162 1082 3212 11

78 3238 117 3297 tis
131 3254 229 3317 neque
244 3236 479 3299 execrationibus
492 3244 681 3318 parceretur,
698 3235 857 3315 spoliisque
873 3241 1039 3296 conteetum

81 3322 193 3382 iuvenis
209 3339 333 3402 corpus,
359 3329 501 3402 quantum
524 3317 702 3382 militaribus
716 3319 820 3381 studiis
845 3316 1039 3380 iunusullum

81 3403 286 3467 concelebrari
299 3413 411 3487 potest,
425 3412 537 3466 structo
550 3411 631 3465 extra
642 3400 750 3464 vallum
761 3420 833 3482 rogo
845 3409 1037 3475 cremaretur,

81 3487 285 3570 llaulianaque
296 3491 420 3572 imperia
428 3507 488 3551 non
498 3490 529 3550 iu
542 3486 804 3569 praesentiamodo
815 3488 974 3561 horrenda,
985 3488 1039 3551 sed
