2575 4067
306 225 398 267 amun
414 224 478 266 xxi.
494 223 562 266 oar.
578 210 623 265 37.
637 208 682 264 88.
699 201 739 284 [e.
758 202 868 284 &2181
1009 207 1071 274 2³5

179 370 318 435 XXXVII.
351 368 483 430 Tandem
502 369 679 448 nequiquam
703 361 840 430 iumentis
865 376 951 449 atque
976 368 1096 431 homi-1

109 457 206 520 nibus
233 455 358 533 fatigatis
382 460 477 514 castra
502 454 534 513 in
559 453 627 537 iugo
653 453 761 531 posita,
791 453 953 530 aegerrime
977 452 1014 513 ad
1041 452 1072 513 ld

111 545 215 621 ipsum
237 537 303 599 loco
321 543 460 616 purgato:
486 543 599 597 tantum
620 534 694 595 nivis
717 534 888 596 fodiendum
903 543 989 615 atque
1004 553 1071 614 ege·

110 623 246 685 rendum
259 620 324 681 tuit.
350 618 419 679 inde
433 618 470 680 ad
480 634 584 699 rupem
597 617 801 688 muniendam,
818 636 872 697 per
887 636 974 698 mam
985 629 1101 681 nnama

110 709 160 769 via
188 722 255 766 esse
281 709 412 846 poteissat,
440 701 549 845 11111111Ιὲ
575 702 670 845 dusiclti,
695 719 762 845 {urin
782 701 969 846 gemm
979 710 1075 847 tiessent

108 806 236 857 sunm,
253 804 286 847 ar
308 803 342 847 or
373 804 408 846 us
425 803 503 846 circa
550 803 618 847 man
651 803 685 846 us
720 802 782 845 eec
857 803 873 846 e
924 803 978 847 nca
1017 802 1075 865 que

111 882 233 937 struem
253 871 404 947 ingentem
427 869 573 946 lignorum
598 867 723 939 faciunt,
746 885 884 947 eamque,
909 887 975 931 cum
992 876 1021 930 et
1034 869 1075 929 vis

111 955 200 1016 venti
217 960 284 1031 apta
301 952 435 1013 faciendo
449 953 511 1029 igni
526 958 627 1012 coorta
642 959 733 1020 esset,
756 952 954 1023 succendunt,
969 951 1074 1013 arden·

112 1041 219 1117 tiaque
230 1052 298 1096 saxa
312 1035 713 1113 iniusoacetopntreiaciunt.
736 1036 776 1096 ita
787 1034 930 1097 torridam
941 1035 1104 1096 lucendIot

114 1138 225 1201 rupem
254 1117 335 1179 ferro
357 1117 503 1197 pandunt,
530 1116 723 1195 molliuntque
748 1118 927 1181 anfractibus
953 1118 1076 1180 monton

116 1205 226 1273 clivos,
242 1208 348 1262 utnon
365 1202 495 1262 iumenta
511 1199 620 1270 solum,
636 1198 688 1260 sed
704 1199 852 1279 elephanti
868 1204 955 1262 etiam
972 1201 1076 1263 deduci

112 1292 249 1369 possent.
281 1283 476 1363 quadriduum
497 1283 575 1344 circa
594 1300 699 1361 rupem
715 1291 920 1364 consumptum
939 1284 1103 1346 lumentisa

112 1387 213 1452 prope
225 1368 303 1429 same
315 1366 490 1444 absumptis:
504 1366 582 1427 nuda
593 1368 673 1426 enim
682 1365 904 1428 ierecacumina
915 1375 991 1438 sunt,
1007 1368 1077 1437 etsi

113 1454 189 1534 quid
208 1459 251 1512 est
261 1449 375 1529 pabuli,
393 1448 521 1510 obruunt
531 1450 622 1510 uires.
650 1448 790 1510 interiora
804 1450 893 1512 rades
907 1451 1104 1531 apricosqueb

113 1535 262 1617 quosdam
277 1531 365 1593 colles
376 1531 486 1593 liabent
495 1534 631 1612 rivosque
642 1550 735 1613 prope
747 1533 936 1596 siluasetiam
947 1533 1075 1594 humano

115 1619 201 1681 cultu
215 1617 346 1694 digniora
357 1614 430 1677 loca.
452 1615 493 1676 ibi
504 1617 634 1677 iumenta
645 1618 677 1676 ln
688 1616 826 1696 pabulum
839 1619 936 1688 missa,
949 1625 977 1678 ei
991 1618 1074 1696 quies
1087 1622 1105 1676 t

116 1699 280 1764 muniendo
298 1701 382 1760 fessis
398 1698 565 1759 bominibus
590 1698 666 1760 data.
696 1699 793 1762 triduo
810 1700 879 1761 lnde
899 1700 936 1761 ad
957 1699 1076 1779 planum

115 1784 295 1846 descensum
307 1784 365 1844 iam
383 1790 412 1843 et
425 1781 497 1842 locis
511 1780 695 1845 mollioribus
710 1789 738 1843 et
752 1783 918 1845 accolarum
939 1784 1075 1860 ingeniis.

184 1865 338 1928 XXXVIII.
378 1865 441 1925 lloc
465 1864 590 1932 manime
615 1864 703 1924 modo
723 1867 754 1925 in
773 1866 886 1927 ltaliam
906 1872 1103 1944 perventum!

114 1959 179 2022 est,
196 1951 297 2029 quinto
318 1965 419 2009 mense
434 1965 450 2007 a
466 1947 641 2024 Cartbagine
657 1964 746 2017 nora,
767 1955 798 2009 nt
810 1947 928 2027 quidam
942 1956 1076 2009 auctores

115 2042 205 2116 sunt,
220 2035 322 2113 quinto
337 2031 451 2091 decimo
462 2030 509 2090 die
520 2028 641 2107 Alpibus
653 2031 806 2107 superatis.
832 2036 956 2109 quantae
974 2031 1104 2109 coptaea

115 2128 305 2195 transgresso
320 2116 353 2175 ln
368 2111 478 2174 ltaliam
490 2111 645 2172 Hannibali
663 2112 786 2182 suerint,
802 2129 984 2190 nequaqnam
999 2113 1077 2172 inter

118 2209 256 2268 auctores
279 2204 402 2263 constat.
432 2196 481 2275 qul
500 2194 675 2275 plurimum,
699 2202 816 2256 centum
837 2194 916 2255 milia
936 2193 1076 2272 peditum,

122 2285 224 2361 uiginti
241 2284 370 2362 equitnm
384 2279 474 2340 inisse
491 2278 638 2348 scribone
655 2280 705 2357 qui
719 2279 887 2348 minimum,
905 2277 1007 2355 viginti
1020 2277 1075 2336 mi·

119 2366 162 2427 lia
184 2366 330 2445 peditum,
359 2380 410 2425 sex
439 2363 577 2440 equitum.
619 2361 652 2422 L.
680 2362 797 2423 Cincius
821 2361 999 2431 Alimentus,
1027 2359 1104 2438 qnia

121 2457 239 2527 captum
254 2447 335 2510 soah
351 2445 514 2508 Hannibale
534 2443 651 2516 scribit,
673 2446 801 2506 maximo
820 2452 921 2507 auctor
935 2451 1074 2510 moveret,

121 2534 179 2593 nisi
204 2532 397 2593 confunderet
422 2527 692 2602 numer-umnelin
717 2527 931 2608 Liguribusque
956 2525 1075 2590 additis:

121 2633 188 2677 cum
204 2616 251 2676 his
266 2616 413 2693 octoginta
430 2612 509 2674 milia
524 2612 671 2692 peditum,
690 2612 792 2674 decem
808 2614 938 2695 equitum
952 2611 1103 2673 adductas

120 2700 207 2757 -in
221 2696 302 2758 ltalia
316 2698 410 2775 magis
425 2695 580 2757 adfluxisse
594 2698 657 2757 veri
674 2696 767 2757 simile
782 2705 841 2768 est,
855 2704 885 2757 et
903 2697 943 2756 ita
957 2694 1075 2773 qnidam

122 2787 258 2841 auctores
272 2788 341 2841 sunt
355 2796 413 2848 -3
435 2797 471 2840 ex
491 2781 556 2857 ipso
572 2786 669 2839 autem
682 2779 797 2840 audisse
808 2775 979 2845 Hannibale,
996 2782 1104 2852 post-b

123 2877 212 2939 quam
233 2861 408 2921 Rhodanum
429 2861 593 2929 transierit,
615 2861 736 2938 triginta
756 2878 808 2921 sex
828 2859 907 2920 milia
923 2857 1076 2917 bominum

122 2942 331 3020 ingentemque
346 2960 501 3003 numerum
519 2959 662 3022 equorum
683 2949 712 3002 et
734 2941 858 3002 aliorum
879 2942 1076 3000 iumentorum

124 3024 264 3085 amisisse.
299 3025 420 3086 Taurini
443 3024 552 3086 Galliae
574 3042 717 3103 proxuma
740 3041 813 3102 gem
832 3030 894 3084 erat
914 3022 945 3082 ln
965 3018 1077 3080 ltaliam

124 3107 272 3186 degresso.
306 3106 337 3168 id
361 3123 427 3166 cum
448 3107 525 3167 inter
551 3125 654 3168 omnes
678 3114 805 3177 constet,
829 3124 864 3168 eo
878 3105 971 3182 magis
985 3105 1104 3163 minore

122 3191 246 3269 ambigi,
264 3207 390 3271 quanam
403 3187 483 3268 Alpis
494 3190 641 3249 transierit
667 3198 696 3250 et
711 3189 796 3268 vulgo
810 3189 932 3249 credere
945 3187 1075 3248 Poenino

123 3281 266 3354 -atque
286 3274 355 3337 inde
376 3290 484 3333 nomen
505 3273 532 3333 ei
554 3274 622 3349 iugo
645 3272 759 3351 dlpium
780 3272 905 3333 inditum
925 3304 967 3317 -
980 3276 1074 3330 nans·

123 3375 271 3438 gressum,
290 3356 419 3420 Coelium
440 3372 493 3436 per
509 3356 661 3417 Cremonis
683 3358 783 3435 iugum
803 3354 900 3416 dicere
920 3353 1102 3423 transissem

123 3441 173 3520 qul
188 3442 273 3505 ambo
287 3441 376 3505 saltus
389 3457 455 3503 eum
468 3456 528 3502 non
539 3441 570 3501 in
581 3439 738 3514 Taurinos,
754 3437 806 3501 sed
815 3456 869 3522 per
881 3436 979 3519 Salyes
989 3453 1073 3500 mon·
