2575 4067
245 270 336 316 erens
349 272 416 317 vm.
434 273 503 318 oar.
518 263 546 317 4.
562 262 589 315 b.
605 253 645 336 [c.
662 258 698 319 G.
716 263 777 318 ati.
792 255 855 339 340]
986 262 1026 326 bl

68 414 215 479 libertatis
239 417 418 482 desiderium
438 421 590 484 remordet
604 423 734 493 animos,
750 424 775 484 si
795 422 899 485 loedus
922 431 981 497 est,
1000 425 1026 486 si

67 502 210 572 sacietas,
226 504 401 584 scematis
410 505 484 567 iuris
495 513 553 576 cst,
569 507 840 585 sicensangulncos
850 524 905 569 nos
919 507 1026 570 liema-

66 603 176 647 ucrum
195 604 273 656 esse.
300 587 379 668 quod
407 588 476 651 clim
491 588 635 669 pudebat,
658 607 738 652 nunc
758 590 878 670 gloriari
901 590 984 661 licet,
1002 593 1027 654 si

65 668 186 731 sucidis
200 668 260 732 iliis
274 672 460 734 erercltns'ls
474 680 533 744 est,
556 692 615 755 quo
629 673 768 736 adiuncto
783 672 935 755 duplicent
948 676 1026 736 vires

64 771 149 824 suas,
174 772 262 833 quem
279 771 437 818 secernere
457 756 494 819 ab
521 775 553 820 se
573 757 709 821 conamen
722 756 808 820 bellis
827 758 956 837 propriis
974 776 1027 838 pc·

64 837 173 899 nendis
196 838 405 921 sumendisque
424 840 534 914 nolint,
566 859 619 904 cur
641 859 702 904 non
724 843 822 904 emnia
845 842 1026 922 aequanturl

62 939 119 984 cur
139 940 201 983 non
223 921 298 985 alter
317 922 354 985 ab
374 924 485 987 Latinis
506 924 609 988 consul
631 924 735 988 daturi
757 924 809 988 ubl
824 942 894 1006 pars
911 926 1058 994 viritims

62 1005 106 1067 ibi
123 1014 154 1067 et
164 1008 284 1087 bnperii
294 1025 364 1088 pars
378 1010 440 1071 esti
471 1009 648 1090 estquidam
663 1010 749 1073 nobis
763 1010 887 1090 hesper
901 1026 934 1070 se
947 1010 1026 1071 baud
1040 1017 1058 1068 c

61 1090 154 1152 nimis
171 1089 316 1172 amplum,
333 1095 442 1174 quippe
458 1093 689 1156 concedentibus
702 1094 826 1156 Romam
841 1100 929 1173 caput
943 1092 1025 1156 Latio

10 1177 12 1182 ⁴
61 1191 145 1244 esse,
163 1173 216 1234 sed
227 1182 260 1235 ut
275 1174 404 1255 amplum
416 1177 508 1238 rideri
523 1185 635 1258 posset,
649 1177 787 1240 diuturna
798 1178 938 1259 petlentia
955 1178 1025 1239 leci-

61 1275 140 1322 mus.
172 1259 254 1338 etqui
267 1260 292 1321 si
303 1260 421 1340 quando
431 1279 571 1343 umquam
586 1262 775 1323 consociandi
791 1262 923 1342 imperii,
938 1280 1025 1323 usur·
1039 1268 1057 1322 t

60 1341 182 1422 pandas
198 1340 342 1404 libertatis
360 1352 476 1425 tempus
493 1346 627 1426 optastis,
644 1364 682 1407 cu
696 1346 754 1408 hec
768 1353 885 1424 tempus
899 1344 982 1407 adest
995 1353 1026 1407 et

60 1427 176 1487 virtute
187 1433 298 1498 venua,
319 1435 348 1489 et
362 1427 451 1490 deum
465 1428 647 1509 benignitate
661 1428 744 1492 vebis
759 1429 868 1492 datum.
900 1436 1025 1511 tempta·
1040 1437 1056 1487 τ

60 1511 117 1571 stis
137 1511 312 1591 patientiam
334 1513 469 1592 negando
496 1513 627 1576 militem.
663 1515 728 1595 quis
748 1513 862 1575 dubitat
881 1514 1026 1576 exarsisse

60 1612 129 1665 ecs,
152 1612 221 1655 cum
239 1593 306 1674 plns
326 1596 519 1658 ducentcmm
540 1614 685 1659 annorum
699 1615 814 1659 morsm
828 1596 1025 1660 solveremus?

60 1676 253 1758 pertulerunt
267 1686 367 1743 umen
381 1679 461 1742 bunc
481 1681 623 1743 dolorem.
660 1680 771 1744 bellum
786 1689 888 1744 nosue
905 1683 1057 1744 nomines

61 1780 133 1824 cum
148 1760 297 1842 Paelignis
310 1765 467 1843 gessimus:
483 1766 535 1847 qui
548 1783 586 1826 ne
603 1773 773 1828 nostrorum
787 1764 906 1846 quidem
921 1766 1024 1829 linium

61 1844 151 1907 uobis
171 1863 226 1926 per
246 1864 302 1908 ncs
320 1847 497 1910 tuendorum
521 1850 567 1911 lus
587 1857 673 1912 antea
696 1849 818 1921 debant,
845 1849 917 1911 nibil
932 1851 1025 1912 inter·

60 1937 229 1995 cesserunt.
263 1930 410 1993 Sidicinos
429 1933 461 1994 ln
481 1932 569 1995 fldem
591 1946 741 2016 receptos,
763 1932 1057 2015 campanenses

62 2013 102 2076 ad
116 2030 173 2074 nos
187 2012 329 2086 descisse,
346 2017 492 2078 exercitus
511 2034 566 2079 nes
586 2036 692 2098 parare
713 2018 851 2079 adversus
869 2018 1023 2086 Samnites,

61 2097 234 2160 loederatcs
260 2116 343 2171 sues,
372 2099 542 2171 andierunt,
573 2118 631 2162 nec
651 2109 808 2163 moverunt
827 2119 859 2162 sc
880 2100 917 2162 ab
938 2101 1023 2162 urbe.

62 2182 145 2243 unde
160 2181 234 2243 baec
244 2181 302 2244 illis
316 2191 397 2245 tanta
415 2182 559 2246 modestia
574 2185 631 2245 nlsi
646 2202 663 2245 a
680 2185 980 2245 conscientiarium
995 2193 1024 2243 et
1034 2189 1068 2241 10

62 2272 235 2327 nostrarum
251 2274 281 2329 et
294 2267 432 2329 suaruml
459 2267 581 2329 idoneos
595 2274 731 2328 auctores
746 2265 857 2336 babeo,
874 2267 1024 2346 querenti·

62 2349 121 2411 bus
141 2349 177 2411 de
188 2349 274 2412 nobis
284 2351 464 2414 Samnitibus
480 2354 521 2413 lta
535 2369 712 2433 responsum
726 2349 763 2411 ab
774 2354 877 2411 senatu
892 2347 1025 2410 Romanu

63 2452 148 2504 esse,
163 2441 197 2495 ut
211 2433 296 2496 laclle
312 2443 469 2516 appareret
488 2455 526 2498 ne
545 2437 626 2518 lpscs
647 2434 767 2517 quidem
791 2434 851 2495 iam
865 2429 1024 2513 postulare,

63 2526 97 2579 ut
113 2518 230 2579 Latium
243 2518 297 2580 sub
308 2519 441 2582 Murano
455 2523 580 2600 lmperio
594 2521 641 2582 sit.
669 2525 809 2601 usurpate
822 2517 912 2581 mode
923 2524 1024 2600 postu·

14 2649 17 2656 .
63 2600 154 2663 lando
178 2620 228 2673 cc,
251 2603 329 2684 qued
345 2602 388 2666 illl
406 2604 489 2667 vcbls
506 2606 587 2667 taciti
609 2603 784 2667 concedunt.
820 2605 950 2683 siquem
968 2602 1025 2664 boc
1035 2608 1066 2660 11

64 2691 162 2748 meins
178 2684 277 2748 dicere
288 2687 441 2767 probibet,
462 2707 500 2751 en
520 2708 575 2769 ego
589 2691 654 2770 ipse
682 2689 819 2752 audiente
839 2705 899 2749 uon
914 2685 1024 2767 pupulo

63 2770 199 2832 Romane
219 2771 307 2832 modo
326 2779 488 2854 senatuque
515 2772 568 2835 sed
589 2772 658 2834 lore
677 2774 755 2853 ipso,
780 2773 831 2853 qui
850 2770 1024 2850 Capitolium

65 2852 183 2926 incolit,
204 2855 347 2935 profiteor
360 2874 409 2918 rue
430 2856 592 2927 dictmum,
615 2864 663 2926 ut,
685 2859 710 2917 si
726 2874 780 2917 uos
800 2856 832 2916 ln
846 2854 968 2915 loedere
988 2872 1022 2914 ac

65 2938 206 3000 societate
224 2957 287 3000 esse
302 2938 405 3018 uelim,
427 2940 579 3003 consulem
596 2938 721 3000 alterum
735 2938 772 2999 ab
791 2937 878 2998 nobis
892 2946 1024 2997 senatus-

65 3040 123 3102 que
138 3030 253 3103 partem
265 3025 440 3104 accipiant.“
463 3024 538 3086 baec
549 3024 689 3090 ferociter
703 3038 763 3083 nou
775 3020 910 3083 suadenti
919 3017 1024 3087 selum,
1036 3025 1069 3076 ιι

65 3105 118 3167 sed
138 3106 291 3189 pollicenti
305 3108 433 3171 clamore
453 3116 483 3170 et
496 3107 623 3170 adsensu
640 3124 743 3169 omnes
764 3106 979 3186 permiserunt,
993 3108 1026 3162 ut

65 3200 168 3270 ageret
182 3191 366 3273 diceretque,
385 3211 459 3272 quae
480 3211 496 3252 e
515 3210 549 3253 re
565 3191 683 3273 publica
698 3190 827 3253 neminis
842 3186 938 3249 Latini
954 3184 1025 3246 iide-

65 3292 191 3355 quesne
207 3275 387 3338 riderentur.

127 3360 163 3421 V.
191 3358 249 3422 Ubi
268 3370 312 3422 est
333 3359 458 3422 Romam
480 3362 614 3427 ventum,
636 3358 668 3417 in
681 3355 823 3436 Capitolio
845 3355 887 3415 eis
907 3359 1055 3416 senatusi

65 3442 151 3506 datus
166 3451 221 3506 est.
251 3443 292 3505 ibi
313 3462 381 3506 cum
396 3445 431 3506 T.
446 3439 570 3505 Mandas
588 3440 692 3502 consul
714 3441 821 3520 egisset
842 3456 910 3501 cum
930 3440 972 3500 eis
989 3458 1025 3500 ex

67 3528 241 3590 auctoritate
269 3535 401 3608 peissun,
422 3546 460 3588 nc
480 3523 660 3588 Samnitibus
678 3525 836 3645 laederetis
852 3521 964 3586 bellum
980 3525 1057 3585 ina
