2575 4067
269 222 309 282 16
405 230 500 271 nanno
513 229 571 272 vn.
592 227 661 270 oar.
677 215 720 269 15.
736 215 777 268 ld.
796 204 836 288 [a.
850 229 882 269 u.
899 228 926 270 1.
940 204 1082 288 396-398]

270 387 333 451 tor,
348 384 504 456 postquam
518 373 666 436 labantem
687 392 745 435 una
766 382 850 451 parte
870 372 943 433 vidit
960 375 1066 444 aciem,
1088 376 1174 453 signa
1195 378 1226 437 in

268 461 382 525 herum
410 478 504 521 cornu
523 458 652 529 confert,
679 477 737 538 quo
763 456 880 519 turbam
900 457 1028 518 hostium
1050 463 1226 538 congregari

272 542 425 613 cernebat,
442 550 471 604 et
485 544 535 615 iis,
548 544 599 623 qui
615 544 647 603 in
662 550 763 603 monte
778 548 874 611 erant,
892 541 1010 619 signum
1025 541 1104 620 quod
1119 559 1226 604 conve·

240 636 357 691 onorat
374 626 463 688 dedit.
491 627 542 690 ubi
557 626 626 690 inde
640 642 758 707 quoquc
772 642 864 685 novus
879 623 991 685 clamor
1005 634 1101 696 ortus,
1121 632 1226 687 etten-

270 714 342 774 dcre
364 710 482 791 obliquo
503 716 603 772 monte
625 709 662 772 ad
683 717 778 770 castra
798 707 949 769 Gallorum
969 709 1022 768 visi
1048 716 1132 779 suni,
1162 717 1225 771 tum

269 803 359 864 metu,
376 813 413 856 ne
425 793 662 864 excluderentur,
677 793 784 853 omissa
798 809 897 870 pugna
909 799 961 862 est,
974 808 1121 872 cursuque
1132 793 1225 855 eliuso

236 879 305 942 tiad
319 886 414 940 castra
431 876 610 938 ferebantur.
639 875 691 937 ubi
709 892 775 936 cum
791 876 969 936 occurrisset
982 876 1023 935 eis
1037 875 1075 937 ll.
1093 874 1226 938 Valerios

268 958 1225 1122 1111111111

236 1136 252 1185 1
269 1128 446 1210 plurimique
460 1128 501 1189 ibi
517 1146 532 1189 a
548 1126 644 1192 fallaci
659 1127 788 1206 equitum
804 1128 903 1205 specie
921 1126 1155 1206 agasonibusque
1172 1146 1220 1188 ex·

271 1214 347 1292 cepti
367 1220 449 1282 sunt;
480 1219 647 1281 eteorum,
676 1228 750 1289 quos
774 1228 865 1289 paror
889 1209 1108 1289 perculeratin
1128 1209 1222 1281 silvas,

238 1301 255 1351 8
271 1303 354 1358 atrox
370 1296 474 1357 caedes
491 1302 558 1374 post
572 1295 705 1356 sedatum
718 1293 864 1373 proelium
885 1293 949 1354 luit.
992 1310 1047 1353 neo
1064 1292 1138 1354 abus
1157 1303 1225 1373 post

268 1380 307 1442 il.
329 1379 451 1440 Furium
472 1395 559 1457 quam
587 1377 618 1440 (i
641 1377 788 1456 Sulpicius
813 1378 965 1437 iustiorem
990 1376 1027 1436 de
1049 1375 1138 1439 Gallis
1165 1379 1225 1457 egit

268 1462 459 1540 triumphum.
490 1463 553 1523 auri
569 1479 686 1542 quoque
702 1479 736 1521 ex
752 1459 869 1522 Gallicis
883 1459 985 1539 spoliis
999 1462 1069 1522 satis
1084 1478 1225 1540 magnum

268 1545 384 1624 pondus
399 1563 468 1606 saxo
481 1545 623 1624 quadrato
638 1554 771 1624 saeptum
788 1546 819 1604 in
836 1543 977 1623 Capitolio
992 1545 1125 1606 sacrarit.

239 1634 256 1685 9
333 1628 443 1689 Eodem
465 1647 542 1690 anno
561 1637 591 1689 ct
609 1647 626 1690 a
647 1627 817 1690 consulibus
839 1630 918 1688 vario
940 1636 1046 1688 eventu
1065 1626 1223 1690 bellatum:

269 1728 337 1773 nam
352 1712 472 1773 Hernici
489 1710 678 1774 aurionno
700 1712 805 1773 devicti
819 1710 991 1790 subactique
1010 1718 1093 1788 sunt,
1115 1711 1225 1775 Fabius

268 1792 380 1873 collega
401 1798 462 1857 eius
477 1797 594 1857 incaute
606 1803 693 1875 atque
704 1793 869 1856 inconsulte
880 1794 1018 1856 adversus
1029 1794 1223 1874 Tarquinien-

230 1884 262 1936 10
271 1895 318 1938 scs
337 1880 485 1958 pugnauit.
523 1896 579 1939 nec
603 1881 634 1939 in
656 1880 718 1940 acie
742 1885 855 1940 tantum
884 1879 925 1939 ibi
946 1877 1037 1961 cladis
1059 1887 1223 1958 acceptum,

268 1979 353 2041 mam
368 1962 447 2041 quod
463 1969 611 2023 trecentos
625 1968 739 2041 septem
753 1961 860 2023 milites
875 1962 1023 2023 Romanos
1038 1970 1138 2042 captos
1150 1963 1224 2024 'lar-
1268 1971 1270 1997 ³

267 2046 436 2123 quinienses
457 2045 660 2116 immolarunt,
683 2064 741 2125 qua
761 2045 899 2107 foeditate
914 2043 1052 2125 supplicii
1074 2045 1223 2124 aliquanto

227 2134 256 2187 11
268 2129 427 2207 ignominia
441 2128 543 2209 populi
555 2128 681 2192 Romani
692 2129 858 2208 insignitior
874 2128 937 2190 tuit.
968 2129 1091 2191 accessit
1104 2129 1140 2189 ad
1157 2148 1223 2191 eam

266 2212 380 2274 cladem
395 2222 424 2274 et
440 2215 559 2275 vastatio
574 2213 699 2276 Romani
715 2214 794 2292 agri,
817 2230 904 2292 qoam
919 2213 1118 2283 Privernates,
1145 2211 1224 2273 Veli·

266 2298 344 2358 ternl
360 2297 481 2368 deinde,
497 2299 667 2358 incursione
682 2297 836 2373 repentina
850 2295 994 2356 lecerunt.

226 2386 258 2435 12
331 2379 442 2440 Eodem
457 2398 534 2439 anno
546 2380 620 2442 duae
635 2379 746 2450 tribus,
761 2380 916 2459 Pomptina
932 2386 962 2440 ei
978 2377 1117 2451 Publilia,
1138 2379 1222 2441 addi·

265 2471 328 2529 tae;
349 2461 412 2521 ludi
424 2463 525 2530 votivi,
556 2480 630 2542 quos
655 2463 693 2524 M.
715 2462 821 2523 Furius
835 2461 967 2523 'dictator
986 2470 1118 2534 voverat,
1140 2463 1222 2525 iacti.

266 2544 347 2604 etde
367 2543 477 2609 ambitu
493 2544 530 2604 ab
549 2545 579 2606 G.
594 2545 725 2607 Poetelio
737 2544 857 2607 orbano
873 2545 970 2625 plebls
985 2545 1154 2607 auctoribus
1168 2566 1222 2626 pa-

224 2632 255 2685 13
264 2626 358 2687 tribus
373 2633 435 2687 tum
448 2629 576 2706 primum
591 2629 627 2689 ad
638 2628 779 2710 populum
790 2627 882 2691 latum
894 2639 951 2701 est,
964 2647 1056 2709 eaque
1067 2631 1224 2707 rogatione

265 2727 407 2772 novorum
425 2712 551 2773 maxime
566 2713 720 2774 hominum
736 2712 942 2783 ambitionem,
962 2715 1013 2794 qui
1028 2713 1178 2776 nundinas
1192 2723 1224 2774 et

266 2792 459 2856 conolliabula
489 2795 572 2857 obire
597 2796 675 2858 soliti
699 2804 797 2867 erant,
824 2815 1012 2876 conpressam
1048 2795 1222 2858 eredebant.

234 2883 246 2934 1
264 2876 335 2940 xvi.
363 2877 447 2940 Haud
464 2896 557 2958 acque
572 2880 648 2942 laeta
662 2880 794 2960 patribus
814 2881 981 2961 insequenti
1001 2898 1079 2941 anno
1096 2880 1127 2941 G.
1142 2880 1222 2942 blar-

263 2963 309 3025 clo
330 2960 383 3023 Cn.
404 2962 512 3025 bianlio
532 2963 702 3026 consulibus
716 2964 753 3024 de
771 2965 902 3025 unciario
917 2964 1038 3026 faenore
1055 2983 1081 3025 a.
1095 2965 1134 3025 bi.
1148 2963 1222 3025 liui-

261 3043 302 3106 lio
329 3046 361 3106 L.
382 3045 519 3107 Menenio
551 3046 678 3108 tribunis
706 3045 801 3127 plebis
827 3049 943 3125 rogatio
964 3055 1008 3109 est
1031 3046 1160 3127 perlata;
1191 3056 1224 3109 et
1267 3088 1269 3110 1

261 3126 358 3207 plebis
372 3127 521 3209 aliquanto
539 3147 603 3190 cam
622 3129 756 3210 cupidius
770 3131 853 3191 scivit
869 3129 1015 3214 [accepit].

230 3216 247 3266 2
324 3211 368 3274 ild
391 3211 467 3273 bella
487 3230 561 3273 nova
584 3216 684 3292 priora
711 3230 788 3275 anno
811 3213 954 3275 destinata
975 3213 1082 3276 Falisci
1101 3232 1223 3294 quoquc

261 3294 362 3356 hostes
378 3296 473 3357 exorti
494 3296 605 3377 duplici
626 3299 762 3369 crimine,
786 3296 864 3377 quod
887 3306 916 3358 ct
938 3297 1222 3378 cum'Tarqninlen·
1268 3349 1269 3360 ,

262 3375 344 3438 sibus
357 3379 492 3442 iuventus
503 3400 607 3444 eorum
619 3381 805 3452 militaverat,
822 3390 852 3442 et
865 3399 929 3451 eos,
946 3383 997 3462 qui
1007 3379 1139 3442 Falerios
1149 3398 1221 3462 per·

262 3456 414 3536 ingerant,
429 3480 496 3523 cum
511 3464 587 3525 male
601 3474 763 3544 pugnatum
775 3473 833 3534 esi,
851 3464 1054 3542 repetentibus
1071 3462 1221 3525 fetialibus
1235 3518 1244 3527 a
