2575 4067
249 252 309 314 aet
415 262 507 304 omre
521 262 610 303 xxm.
624 260 692 302 cnr.
710 249 752 301 14.
766 247 806 298 15.
826 236 866 319 [a.
878 261 909 300 u.
925 261 951 300 e.
966 240 1028 309 538]

249 410 416 481 descendit,
440 412 604 491 edixitque,
625 409 676 489 qui
694 404 847 486 capitalem
867 404 1001 466 fraudem
1020 410 1087 465 ausi
1103 408 1229 488 quique

246 496 389 574 pecuniae
410 496 529 557 iudicati
553 496 584 554 in
599 490 720 552 vinculis
742 496 854 559 essent,
879 490 929 569 qul
952 506 1056 549 eorum
1080 490 1171 569 apud
1192 509 1227 552 se

247 576 355 639 milites
368 578 487 649 flerent,
502 596 552 639 eos
567 593 641 638 noxa
652 573 910 654 pecuniaquesese
922 569 1033 633 exsolui
1046 574 1225 641 iussurum.

223 669 284 721 tea
301 661 447 725 sexmilia
464 662 616 722 hominum
629 655 749 730 Gallicis
770 654 886 736 spolils,
911 673 986 736 qnae
1007 656 1171 736 triumpho
1188 658 1222 720 (L

248 743 373 807 Flamini
387 745 490 806 tralata
502 750 600 816 erant,
615 742 752 812 armarit,
770 741 868 818 itaque
880 756 947 801 cum
958 740 1062 818 viginti
1077 741 1221 820 quinque

249 827 367 889 milibus
386 835 564 890 armatorum
579 826 615 887 ab
630 825 705 886 urbe
719 824 924 904 proficiscitur.

222 917 239 967 o
311 910 456 974 Hannibal
476 912 574 990 Capua
594 916 713 988 recepta
732 924 800 968 cnm
820 908 928 967 iterum
943 906 1218 986 Neapolitanorum

250 995 363 1056 animos
377 996 485 1075 partim
499 1011 568 1073 spe,
594 993 702 1071 partlm
722 997 804 1051 metu
823 991 1000 1069 nequiquam
1023 996 1215 1070 temptasset,

223 1077 281 1137 oin
298 1095 400 1156 agrum
415 1077 558 1141 Nolanum
580 1074 741 1137 exercitum
762 1072 900 1144 traducit,
925 1079 1038 1134 utnon
1058 1074 1216 1136 hostiliter

249 1163 361 1233 statim
375 1162 442 1241 qnia
458 1178 519 1222 non
539 1156 713 1238 desperabat
730 1155 922 1218 voluntariam
944 1155 1145 1227 deditionem,
1163 1159 1213 1227 ita,

250 1245 275 1305 si
288 1252 476 1306 morarentur
495 1261 594 1324 spem,
615 1240 688 1302 nihil
707 1257 824 1309 eorum,
847 1256 922 1319 quae
942 1241 1003 1319 pati
1026 1249 1077 1301 aut
1099 1242 1212 1302 timere

222 1335 383 1407 tpossent,
405 1328 675 1409 praetermissurus.
713 1331 830 1384 senatus
851 1340 885 1384 ac
906 1324 1032 1384 maxime
1055 1326 1210 1402 primores

250 1411 313 1472 eius
327 1412 357 1472 in
370 1413 509 1473 societate
523 1409 654 1471 Romana
677 1425 743 1468 cum
763 1405 820 1467 llde
835 1414 983 1485 perstare;
1006 1405 1091 1486 plebs
1115 1424 1209 1468 nora·
1280 1419 1281 1442 ¹

250 1511 330 1565 rum,
348 1503 379 1555 ut
393 1494 480 1565 solet,
496 1511 596 1555 rerum
607 1502 694 1571 atque
708 1487 878 1551 llannibalis
888 1496 947 1551 tota
959 1508 1022 1550 esse
1033 1497 1208 1570 metumque
1280 1533 1281 1544 ,

250 1594 388 1656 agrorum
404 1577 601 1656 populationis
616 1582 646 1635 et
662 1573 797 1652 patienda
813 1573 845 1633 in
860 1571 1012 1633 obsidione
1027 1572 1118 1634 multa
1138 1591 1206 1652 gra·
1280 1621 1281 1624 ,

220 1661 293 1719 tria
306 1659 483 1737 indignaque
497 1675 666 1736 proponere
676 1658 784 1717 animo.
809 1673 904 1735 neque
916 1664 1050 1717 auctores
1061 1648 1206 1718 deiectio·
1280 1709 1281 1732 q

249 1742 295 1801 nls
310 1740 441 1802 deerant.
467 1743 565 1820 itaque
579 1739 630 1801 ubl
644 1747 778 1801 senatum
794 1745 889 1800 metus
902 1741 993 1819 oepit,
1009 1740 1033 1801 si
1048 1739 1203 1819 propalam
1280 1751 1281 1804 ἰ

248 1822 413 1895 tenderent,
432 1825 529 1884 resisti
539 1822 885 1885 multitudioiconcitatae
893 1839 953 1883 non
962 1840 1057 1903 posse,
1073 1823 1203 1884 secunda
1280 1833 1281 1876 i

220 1905 412 1968 tslmulando
435 1905 604 1968 dilationem
627 1905 696 1968 mali
715 1906 876 1966 inveniunt.
909 1904 1123 1985 placero‘enim
1148 1906 1202 1967 sibl

250 1989 445 2051 deiectionem
458 1992 495 2052 ad
510 1988 704 2052 Hannibalem
719 1986 871 2058 simulant,
896 1987 1003 2068 quibus
1017 1997 1114 2049 autem
1131 2006 1199 2051 con·
1280 1997 1281 2024 ¹

249 2072 567 2135 dicionibnsinioedus
578 2072 793 2150 amicitiamque
805 2089 909 2132 novam
921 2078 1079 2142 transeant,
1095 2090 1201 2152 parum
1280 2079 1281 2152 j

209 2163 240 2216 ιο
250 2166 394 2220 constare.
426 2159 466 2218 ita
481 2159 574 2236 spatio
589 2162 705 2235 sumpto
716 2153 826 2233 legatos
841 2172 968 2233 propere
982 2155 1018 2216 ad
1033 2163 1201 2234 praetorem

247 2241 411 2303 Romanum
426 2240 596 2302 Marcellum
612 2237 778 2307 Claudium,
795 2239 844 2316 qui
856 2237 974 2298 Casilini
989 2257 1056 2299 cum
1069 2240 1201 2300 exercitu
1280 2311 1281 2318 ἵ

249 2331 326 2393 erat,
343 2325 480 2394 mittunt,
496 2324 675 2401 docentque,
692 2328 799 2400 quanto
815 2322 845 2381 ln
860 2320 1029 2383 discrimine
1040 2323 1077 2382 sit
1089 2321 1200 2384 Nolana
1280 2325 1281 2410 ζ

247 2425 309 2468 res:
330 2425 432 2485 agrum
443 2405 613 2467 Hannibalis
628 2422 692 2465 esse
705 2412 732 2463 et
743 2403 923 2474 Poenorum,
939 2404 1043 2466 urbem
1055 2406 1200 2487 extemplo
1280 2415 1281 2450 ῑ

207 2496 235 2547 n
247 2491 390 2560 loturam,
407 2491 438 2549 ni
452 2489 651 2550 subveniatur.
678 2486 867 2547 concedendo
881 2486 979 2566 plebel
992 2494 1134 2559 senatum,
1151 2489 1199 2551 ubi
1280 2521 1281 2524 ¹

247 2572 337 2632 veiint
351 2572 518 2633 defecturos
533 2591 580 2642 se,
596 2589 633 2631 ne
645 2571 771 2631 deiicere
782 2570 1042 2649 praefestinarent,
1058 2572 1197 2633 effecisse.

206 2651 404 2714 taliarcellus
425 2653 604 2714 conlaudatis
620 2652 739 2713 Nolanis
762 2652 863 2714 eadem
884 2653 1068 2716 simulatione
1086 2656 1199 2716 extrahi
1280 2701 1281 2708 κ

246 2751 310 2794 rem
325 2735 356 2792 in
370 2752 456 2794 snum
470 2735 624 2795 adventum
641 2736 739 2805 lussit,
757 2736 875 2797 interim
891 2735 995 2809 celari,
1011 2755 1086 2818 quae
1099 2756 1198 2800 secum

205 2824 313 2878 inacta
330 2826 427 2878 essent
443 2835 583 2898 spemque
600 2835 718 2879 omnem
734 2817 832 2880 auxilii
847 2820 980 2881 Romani.
1009 2822 1072 2900 ipse
1089 2840 1106 2882 a
1121 2822 1198 2883 Casi-

246 2901 306 2963 lino
320 2901 458 2963 Caiatiam
472 2903 552 2980 petit,
572 2910 659 2983 atque
669 2903 739 2963 inde
749 2900 891 2963 Volturno
905 2905 985 2964 amni
998 2905 1121 2965 traleoto
1131 2923 1198 2983 per·
1280 2949 1281 2954 η

125 3049 128 3060 q
245 3003 302 3066 que
316 3003 418 3065 agrum
435 2986 632 3048 Saticulanum
657 2985 893 3065 Trebianumque
918 3004 1007 3066 super
1032 2987 1197 3049 Suessulam
1280 3013 1281 3056 ὴ

245 3087 298 3148 per
313 3070 420 3129 montis
432 3068 535 3130 Nolam
550 3071 692 3150 pervenit.
1280 3121 1281 3146 p

221 3161 232 3210 1
307 3150 366 3212 XV.
406 3151 467 3211 Sub
494 3151 650 3213 adventum
676 3154 821 3230 praetoris
843 3151 968 3213 Romani
988 3154 1104 3215 Poenus
1129 3173 1197 3235 agro
1280 3149 1281 3226 l

244 3234 356 3296 Nolano
370 3236 494 3295 excessit
508 3243 537 3296 et
559 3235 595 3295 ad
613 3253 694 3295 mare
716 3237 849 3313 proxime
865 3234 1017 3315 Neapolim
1039 3236 1196 3306 descendit,
1280 3243 1281 3248 ’

245 3319 367 3399 cupidus
394 3319 532 3380 maritimi
564 3318 663 3399 oppidi
693 3319 841 3396 potiundi,
869 3336 927 3398 quo
952 3338 1055 3381 cursus
1080 3319 1195 3383 navibus

218 3407 321 3461 ttutus
348 3420 383 3460 ox
404 3402 502 3461 Africa
528 3411 614 3463 esset
662 3409 792 3462 ceterum
825 3409 979 3481 postquam
1004 3402 1155 3482 Neapolim
1181 3422 1196 3463 a

246 3483 393 3555 praelecto
409 3483 541 3544 Romano
552 3487 648 3544 teneri
660 3488 773 3564 accepit
788 3518 830 3533 -
842 3484 879 3545 Μ.
892 3485 991 3547 lunius
1003 3485 1118 3548 Silanus
1127 3496 1193 3552 erat
