2575 4067
339 260 433 303 sanun
445 261 476 302 x.
492 258 560 303 ear.
571 247 615 302 aa.
630 246 673 302 ²6.
690 236 729 321 [a.
746 241 780 303 0.
794 240 856 322 295]
1015 248 1076 311 175

122 413 185 474 sire
204 410 268 492 lpse
287 416 393 489 sponte
414 424 480 478 sua,
502 407 569 487 quia
590 404 700 467 bellum
716 409 742 469 el
762 408 855 470 maius
868 409 900 471 in
916 416 1119 490 conspectura

123 505 201 566 arat,
227 509 315 573 quarn
331 499 471 572 quantum
486 507 551 551 esse
571 489 666 551 iamae
680 490 860 564 crediderat,
882 495 943 555 sire
957 502 1076 556 senatus

123 576 257 641 consuto
274 576 398 637 accitus:
415 592 483 636 nam
493 576 525 635 iu
539 582 696 653 utrumque
712 584 846 638 austures
861 583 939 639 sunt.
967 577 1003 639 ab
1018 580 1071 658 ip.
1085 583 1117 638 la

123 661 245 726 Claudio
260 667 398 741 praetore
412 667 571 720 retractum
586 658 704 737 quidam
719 658 813 720 rideri
830 659 946 733 volunt,
962 678 1029 722 eum
1043 662 1075 724 in

122 752 227 808 senatu
236 751 266 805 et
279 742 356 823 apud
371 740 527 822 pupulum,
540 741 572 802 id
582 740 661 819 quod
671 755 726 821 per
736 741 848 805 litteras
862 744 982 806 adsidue
995 744 1074 806 ieee·

122 838 179 900 rat,
194 837 341 890 terrorem
351 824 687 904 belliEtrusaiaugeret:
703 844 763 888 uon
773 828 1074 891 suiiecturumducem

121 931 229 984 unrnn,
255 928 310 972 nee
329 910 491 971 exereitum
505 927 598 971 uumn
618 909 756 972 adversus
776 919 913 991 quattuor
932 912 1071 992 populus;

122 995 286 1078 pemeulum
301 1011 380 1064 esse,
404 994 465 1055 slve
485 994 577 1055 iuncti
598 1011 691 1055 unum
712 1004 863 1074 premant,
886 995 946 1058 sire
965 996 1071 1058 diversi
1084 1003 1116 1055 14

123 1088 228 1161 gerant
242 1077 366 1148 bellum,
381 1093 420 1138 ne
433 1076 471 1138 atl
485 1078 583 1139 omnia
602 1077 690 1139 simul
706 1076 788 1140 obire
808 1097 885 1141 unus
897 1097 957 1141 nou
971 1080 1073 1160 possit.

122 1165 195 1227 duas
209 1182 241 1225 se
252 1162 294 1223 ilai
306 1161 438 1240 legiones
448 1161 594 1223 Romanas
608 1160 777 1241 reliquisse,
793 1169 822 1224 et
834 1164 932 1224 minus
942 1165 1071 1243 quinque
1084 1170 1116 1224 le

122 1247 204 1312 milia
223 1246 355 1328 peditum
374 1245 562 1325 equatumque
584 1261 653 1305 etun
673 1244 765 1306 Fabiu
785 1247 908 1307 venisse.
939 1246 996 1307 sibi
1010 1246 1072 1326 pla·

123 1350 192 1394 aare
209 1332 243 1393 P.
260 1330 381 1392 Decium
395 1327 545 1390 consulem
558 1328 655 1407 primo
667 1345 783 1407 quoque
796 1336 931 1408 tempere
944 1331 975 1389 in
986 1329 1073 1391 Etru·

123 1418 198 1478 riam
214 1413 252 1475 ad
266 1412 408 1492 eollegam
429 1412 590 1492 profluum,
609 1411 641 1472 L.
656 1409 810 1473 Volumnio
832 1412 983 1474 Samnium
1002 1431 1073 1493 pro·

123 1501 248 1560 vinciam
275 1497 353 1567 darl;
379 1497 404 1556 si
428 1493 531 1557 eensul
560 1494 642 1556 malit
666 1495 801 1557 insuam
825 1497 1006 1576 provinciam
1020 1497 1116 1568 irata

124 1581 308 1643 Volumnium
328 1582 360 1641 ln
380 1579 527 1641 Etruriam
544 1577 581 1640 ad
603 1577 754 1640 eausulem
768 1597 835 1642 eum
851 1582 981 1642 exercitu
996 1582 1073 1641 iusto

124 1664 272 1727 consulari
283 1664 438 1743 proficisci.
468 1681 535 1724 carm
550 1680 687 1741 magnam
701 1671 816 1743 partem
830 1673 962 1726 mereret
977 1665 1070 1726 oratio
1084 1669 1115 1721 17

123 1748 283 1830 praetoris,
297 1747 330 1808 P.
343 1746 464 1808 Padum
483 1748 631 1809 remissa
652 1746 765 1819 ierunt,
788 1755 822 1809 ut
840 1749 939 1811 emula
959 1749 1075 1827 integra

124 1850 160 1895 ae
180 1830 273 1892 libera
292 1829 326 1903 Q.
346 1830 437 1892 Fabiu
459 1839 660 1903 servarentur,
688 1832 782 1893 donee
805 1831 850 1893 rel
870 1834 950 1913 ipse,
976 1833 1075 1913 siper

123 1913 308 1979 commodum
325 1917 369 1977 rel
382 1912 517 1994 putblleaa
528 1922 641 1993 posset,
663 1914 786 1976 Romam
800 1917 944 1987 venisset,
959 1914 1005 1977 vel
1021 1914 1073 1976 all·

122 2018 211 2081 quem
222 2017 259 2060 ex
274 1999 377 2077 legatis
390 1998 531 2069 misisset,
546 2015 563 2058 a
578 2016 636 2077 quo
651 1997 778 2060 disceret
788 2008 915 2070 senatus,
930 2006 1071 2078 quantum
1084 2003 1117 2057 1⁸

122 2086 153 2146 ln
171 2084 288 2146 Etruria
309 2081 379 2145 belli
394 2089 484 2152 esset,
506 2083 680 2161 quantisque
700 2080 961 2142 administrandum
982 2084 1074 2161 replis

124 2177 153 2230 at
168 2175 239 2248 quot
251 2185 306 2247 per
319 2166 410 2227 duces
421 2171 508 2226 emet.
552 2163 650 2226 XXVI.
677 2163 785 2225 Fabius
798 2172 832 2226 ut
844 2165 968 2226 iiumam
979 2165 1074 2235 rediit,
1083 2172 1102 2222 ‘1

123 2254 199 2313 etin
212 2259 316 2313 senatu
333 2258 363 2310 et
377 2247 537 2330 productus
552 2246 589 2309 ad
609 2247 750 2329 pupulum
764 2247 891 2310 mediam
912 2248 1075 2310 arationem

90 2380 94 2385 -
123 2335 240 2406 habuit,
255 2342 288 2396 ut
304 2351 361 2395 nee
373 2349 483 2411 augere
493 2349 549 2394 nee
563 2332 697 2393 minuere
709 2331 857 2393 rideretur
873 2329 943 2392 belli
956 2330 1073 2401 ianuam,

123 2419 274 2499 magisque
287 2420 318 2479 in
333 2415 426 2479 altero
441 2414 620 2478 adsumendo
636 2414 710 2478 duee
732 2415 855 2478 allorum
870 2413 1024 2495 indulgere
1038 2416 1074 2475 ti·

123 2504 199 2563 mori
213 2520 301 2583 quam
315 2519 367 2564 suo
386 2509 437 2563 aut
451 2498 630 2581 reipublleae
652 2499 784 2581 pertento
798 2498 962 2562 consulere.
996 2506 1101 2561 aete-2

122 2604 189 2647 rum
209 2588 235 2648 sl
256 2585 313 2648 sibl
335 2585 498 2648 adiutum
525 2583 595 2646 belli
620 2586 790 2666 sonitumque
817 2585 934 2666 imperil
959 2583 1072 2654 timent,

123 2688 251 2751 quonam
273 2670 361 2732 mutio
376 2688 408 2731 se
428 2669 558 2732 uhllrisei
577 2668 609 2731 P.
631 2669 713 2732 Decii
734 2668 862 2731 consulis
879 2686 934 2749 per
953 2676 998 2731 tut
1013 2667 1073 2730 col·

122 2752 213 2831 legia¹
230 2755 344 2833 experti
367 2754 471 2833 pessel
493 2755 642 2815 nemiuem
665 2754 794 2815 omnium
818 2770 918 2815 seeum
933 2752 1102 2831 mutunus

123 2834 226 2904 malle;
243 2844 272 2895 et
293 2837 444 2915 eoplanrm
459 2838 528 2899 satis
547 2836 603 2898 sibi
626 2855 694 2897 eum
716 2837 853 2898 Plistia
872 2845 901 2897 et
915 2851 1073 2915 numquam

124 2917 246 2976 nimium
271 2917 399 2980 hostium
423 2919 501 2982 iure:
528 2923 574 2982 sin
589 2918 700 2998 collega
724 2918 793 2998 quid
809 2917 886 2979 aliud
900 2916 1019 2987 mallet,
1045 2921 1075 2976 at

122 3002 180 3067 sibi
195 3004 227 3065 L.
243 3002 431 3066 Volumnium
446 3008 550 3069 darem
564 3007 738 3069 adiutorem.
767 3005 897 3064 omnium
912 3019 1013 3063 rerum
1029 3008 1103 3061 ar·t

122 3088 244 3150 bitrium
266 3096 295 3149 et
316 3106 332 3149 a
347 3088 456 3169 populo
471 3098 500 3151 et
520 3102 653 3152 asenam
674 3098 704 3150 et
723 3086 759 3150 ab
774 3089 839 3167 ipso
856 3084 968 3162 collega
984 3082 1075 3145 Fabio

122 3176 299 3260 permissum
320 3181 374 3237 est.
404 3182 435 3236 at
452 3191 519 3236 eum
532 3174 566 3235 P.
589 3174 694 3235 Decius
709 3190 741 3234 se
759 3172 791 3233 ln
806 3169 958 3233 Samnium
979 3166 1025 3229 rel
1042 3168 1074 3227 ln

124 3262 272 3325 Etruriam
286 3260 433 3343 proficisci
450 3266 585 3339 paratum
603 3273 667 3316 esse
689 3254 877 3323 ustendIsset,
897 3258 978 3313 tanta
989 3250 1073 3313 laeti·

124 3348 164 3410 tla
180 3366 215 3410 ae
243 3345 400 3429 gratulatio
427 3344 496 3415 iuit,
523 3349 557 3404 ut
580 3339 801 3421 praeciperetur
824 3337 946 3399 viatoria
971 3334 1075 3397 auimls

125 3432 362 3515 triumphusque,
397 3448 458 3491 non
484 3425 594 3489 bellum
619 3423 769 3487 decretum
801 3418 970 3484 consulibus
994 3417 1073 3480 risle·

125 3524 216 3578 retur.
