2575 4067
263 249 354 291 amna
368 251 457 295 nm.
474 250 539 293 oar.
554 238 596 293 19.
611 239 655 291 20.
673 230 712 313 [a.
725 235 761 295 u.
987 236 1049 298 339

89 396 209 458 herbidi
235 399 346 457 terreni
369 407 450 458 extra
472 415 589 457 murum
615 406 693 468 erat,
715 415 854 475 raporum
875 415 977 461 semen
1004 399 1048 459 in·

89 484 240 551 iecerunt,
256 489 289 540 ut
298 478 443 541 Hannibal
461 497 561 551 „eone
575 499 683 560 usque,
701 480 816 542 dumea
831 492 999 551 nascantur,
1013 482 1049 544 ad

25 562 28 566 ’
90 562 251 626 Casilinum
265 580 399 625 sessurus
413 564 522 624 suml“
552 563 744 633 exclamarem
760 573 790 624 et
806 565 856 643 qui
871 564 980 626 nullam
996 583 1047 625 an·
1059 571 1093 623 to

90 658 140 708 tea
154 649 322 726 pactionem
337 645 457 707 aurIbus
471 645 643 717 admiserat,
670 655 732 709 tum
747 647 865 708 demum
888 650 936 727 agi
950 666 1050 709 secum

90 741 138 792 est
150 748 254 811 passus
270 729 307 791 de
327 729 530 809 redemptione
545 728 708 791 liberorum
725 732 864 811 capitum.
893 740 1049 811 septunces
1062 737 1094 789 lo

91 817 157 875 auri
168 816 200 874 in
211 813 343 892 singulos
352 815 481 892 pretium
497 815 642 875 convenit.
669 813 727 874 fide
739 821 859 893 accepta
868 815 1053 876 tradiderunt

91 916 168 961 sese.
194 897 289 980 donec
301 914 389 958 omne
400 915 504 958 aurum
515 897 699 977 persolutum
711 906 763 968 est,
776 900 805 958 in
816 897 938 959 vinculis
950 898 1050 968 babiti,

87 990 157 1039 ¹tum
181 982 295 1039 remissi
318 999 432 1041 summa
454 998 520 1041 cum
544 980 610 1042 lide.
651 981 682 1042 id
705 982 801 1042 verius
831 990 876 1042 est
898 1000 985 1061 quam
1014 980 1093 1041 abit

94 1063 193 1141 equite
205 1063 235 1121 in
247 1062 382 1124 abeuntis
392 1066 514 1124 inmisso
524 1064 706 1125 interiectos.
731 1065 914 1126 Praenestini
926 1066 1052 1125 maxima

93 1152 164 1226 par's
185 1144 278 1206 luere.
315 1164 350 1205 ex
371 1149 537 1226 quingentis
556 1149 755 1226 septuaginta,
784 1150 834 1228 qui
855 1150 885 1207 in
905 1148 1052 1226 praesidio

94 1230 229 1299 inerunt,
244 1230 342 1289 minus
353 1229 504 1290 dimidium
520 1230 632 1291 terrum
644 1231 794 1311 famesque
811 1231 989 1311 absumpsit:
1005 1249 1053 1291 ce·

96 1315 153 1373 teri
170 1311 333 1373 incolumes
347 1313 504 1374 Praeneste
521 1331 593 1373 ¹cum
608 1323 746 1393 praetore
767 1333 820 1375 suo
840 1315 879 1377 Μ.
895 1316 997 1375 Anicio
1012 1349 1053 1357 -

65 1471 67 1474 ι
94 1396 191 1457 scriba
208 1398 233 1457 is
244 1404 330 1457 antea
342 1396 438 1457 iuerat
450 1431 492 1441 —
506 1396 668 1458 redierunt.
699 1406 791 1460 statua
804 1400 867 1459 eius
878 1397 987 1458 indicio
999 1397 1054 1458 luit
1066 1403 1095 1453 ts
1130 1402 1140 1475 j

96 1481 256 1539 Praeneste
276 1481 307 1538 in
329 1478 394 1539 loro
414 1488 537 1549 statuta,
559 1478 695 1552 loricata,
722 1483 828 1543 amicta
857 1494 938 1560 toga,
960 1480 1053 1543 velato

98 1564 192 1641 capite
209 1561 254 1642 [et
268 1565 323 1622 tria
340 1562 437 1643 signa]
458 1582 524 1624 cum
540 1562 625 1624 titulo
643 1564 759 1626 lamnae
775 1583 883 1625 aeneae
901 1566 1052 1642 inscripto,

96 1644 141 1709 Μ.
154 1646 287 1706 Anicium
303 1663 357 1724 pro
369 1645 519 1717 militibus,
535 1649 584 1726 qui
599 1647 717 1708 Casilim
730 1648 760 1707 in
773 1649 922 1727 praesidio
935 1648 1053 1718 luerint,

99 1736 196 1790 votum
208 1726 337 1790 solvisse.
362 1729 439 1789 idem
451 1729 553 1790 titulus
564 1730 659 1790 tribus
674 1732 765 1808 signis
776 1734 806 1792 in
819 1732 892 1793 aede
906 1732 1054 1794 Fortunae
1139 1756 1142 1761 ·

99 1813 201 1891 positis
213 1811 268 1871 luit
281 1810 440 1871 subiectus.
484 1812 545 1871 XX.
575 1812 732 1873 Casilinum
747 1815 886 1893 oppidum
905 1816 1052 1876 redditum
1067 1819 1079 1868 l

100 1896 254 1973 campanis
262 1901 315 1962 est,
328 1894 475 1953 firmatum
482 1890 737 1972 septingentorum
745 1897 871 1957 militum
879 1898 915 1957 de
922 1900 1053 1958 exercitu

100 1976 268 2039 Hannibalis
291 1975 454 2055 praesidio,
481 1994 533 2047 ne,
556 1975 607 2036 ubi
627 1977 744 2037 Poenus
767 1979 836 2037 inde
858 1979 1054 2049 abscessisset,

99 2062 221 2121 Romani
244 2068 457 2138 oppugnarent.
495 2059 695 2119 Praenestinis
710 2060 849 2121 militibus
864 2071 982 2121 senatus
996 2063 1054 2121 lio·
1067 2068 1083 2114 2

99 2162 203 2205 manus
217 2142 326 2222 duplex
342 2143 519 2222 stipendium
541 2151 570 2201 et
595 2144 778 2222 quinquenni
793 2142 914 2203 militiae
929 2146 1055 2202 vacatio-

99 2247 166 2288 nem
183 2226 320 2300 decrerit.
350 2227 463 2286 civitate
479 2244 546 2286 cum
562 2225 744 2286 donarentur
760 2225 798 2286 ob
820 2227 973 2295 virtutem,
996 2243 1055 2286 non

99 2319 293 2372 multaverunt.
325 2310 534 2371 Perusinorum
553 2328 636 2369 casus
652 2309 806 2369 obscurior
821 2309 897 2371 fama
913 2319 971 2379 est,
988 2310 1084 2387 quiae

100 2412 154 2454 nec
168 2394 299 2473 ipsorum
317 2404 508 2453 monumento
525 2392 586 2453 ullo
607 2402 652 2453 est
670 2391 842 2453 inlustratus
864 2410 919 2452 nec
936 2391 1054 2453 decreto

101 2478 307 2539 Romanorum.

162 2560 272 2620 Eodem
294 2567 427 2638 tempore
449 2558 611 2631 Petelinos,
632 2562 681 2641 qui
707 2563 757 2621 uni
773 2580 809 2621 ex
826 2561 948 2621 Bruttiis
972 2567 1082 2620 man-t
1130 2567 1137 2579 '

100 2652 199 2705 serant
225 2645 256 2702 in
276 2645 403 2704 amicitia
424 2642 570 2715 Romana,
596 2662 656 2706 non
679 2645 933 2724 Carthaginienses
956 2644 1055 2719 modo,
1141 2717 1144 2725 Ι

101 2729 148 2806 qui
160 2728 312 2803 regionem
327 2727 514 2797 obtinebant,
532 2726 584 2788 sed
599 2729 695 2789 Brutti
713 2748 830 2809 quoque
848 2730 939 2790 ceteri
954 2728 991 2789 ob
1009 2746 1054 2787 se·

101 2818 201 2887 parata
219 2807 256 2867 ab
269 2826 301 2867 se
316 2809 437 2870 consilia
456 2810 674 2888 oppugnabant.
705 2812 810 2889 quibus
828 2831 895 2871 cum
913 2809 1081 2870 obsisteret

102 2888 184 2950 malis
204 2890 519 2968 nequirent·Petolini,
542 2890 653 2968 legatos
677 2892 799 2952 Romam
817 2893 854 2951 ad
877 2891 1056 2969 praesidium

101 2972 264 3054 petendum·
281 2974 433 3042 miserunt.
471 2991 596 3051 quorum
617 2990 721 3052 preces
744 2973 940 3053 lacrimaeque
962 3006 1004 3017 -—
1026 2976 1056 3032 in

102 3065 221 3137 questus
246 3056 325 3116 enim
353 3054 480 3126 debiles,
509 3074 575 3116 cum
596 3056 714 3117 sibimet
734 3058 790 3137 ipsi
812 3056 966 3117 consulere
986 3057 1056 3116 iussi

73 3176 77 3183 -
102 3149 183 3212 sunt,
212 3157 276 3200 sese
298 3141 329 3198 in
346 3137 488 3200 vestiBulo
506 3140 604 3200 curiae
620 3138 815 3219 profuderunt
839 3174 880 3184 -
906 3141 1057 3218 ingentem
1121 3145 1125 3154 '

103 3224 335 3286 misericordiam
352 3222 484 3304 patribus
501 3240 535 3282 ac
551 3222 665 3302 populo
678 3232 842 3284 moverunt.
873 3222 1084 3300 consultiqueo

103 3312 209 3369 iterum
225 3326 241 3369 a
257 3308 293 3367 M.
307 3304 430 3388 Aemilio
447 3313 585 3385 praetore
601 3315 700 3386 patres
721 3308 942 3384 circumspectis
962 3305 1055 3365 omni·

104 3391 157 3452 bus
170 3393 286 3471 imperii
306 3390 416 3451 viribus
434 3390 521 3450 lateri
541 3392 634 3450 coacti
655 3390 727 3450 nibil
743 3393 801 3450 iam
822 3388 990 3469 longinquis
1009 3406 1055 3448 so·

105 3477 155 3534 ciis
169 3477 198 3535 in
215 3493 247 3536 se
261 3473 400 3555 praesidii
412 3492 485 3545 esse,
503 3472 605 3534 redire.
616 3473 735 3535 domum
744 3473 860 3553 ddeque
875 3473 912 3533 ad
922 3473 1056 3535 ultimum

618 3553 625 3561 ’
792 3558 856 3623 22*
