2575 4067
315 257 479 301 manvu.
496 256 564 300 oar.
581 246 623 299 li.
639 236 679 319 [a.
695 240 731 302 O.
749 246 809 302 aot.
822 238 885 322 800]
1040 247 1076 307 11

182 407 230 469 xl.
252 406 290 468 Et
305 404 426 467 hercule
443 405 517 466 tanti
534 422 569 465 ea
586 403 622 465 ad
637 405 767 465 uniuersi
780 403 850 466 belli
864 415 1001 468 eventurn
1016 425 1079 467 mo·
1096 415 1106 465 t

118 492 210 555 menti
225 489 374 550 dimicatio
391 487 456 559 iult,
472 495 505 549 ut
520 485 671 550 Gallorum
685 489 830 549 exercitus
844 492 977 567 proxima
992 499 1080 552 nocte

117 574 229 636 rellctls
243 572 358 651 trepide
375 572 480 633 castris
494 573 526 632 ln
540 569 695 632 Tiburtem
715 588 819 649 agrum
836 581 923 652 atque
937 573 1016 644 inde,
1031 590 1079 634 so·

10 655 11 664 ’
117 660 224 720 cletate
241 655 312 717 belli
327 656 403 717 iacta
415 661 639 735 commeatuque
650 652 778 732 benigne
792 652 829 715 ab
841 654 1013 718 Tiburtibus
1027 655 1078 717 ad·

116 744 211 810 lutus,
228 757 297 801 mox
311 740 341 799 in
363 738 552 817 Campaniam
568 738 727 799 transierit.
772 756 806 799 ea
824 736 880 799 tuit
902 757 1003 809 causa,
1026 753 1110 801 curt

116 820 1079 985 stin,

115 1009 167 1052 sus
183 987 321 1051 Tiburtes
335 989 416 1050 iussu
431 986 532 1068 populi
548 989 710 1050 exercitum
731 988 861 1051 duceret.
896 989 933 1050 ad
953 1001 1110 1069 quorumt

116 1072 258 1136 auxilium
278 1090 345 1134 cum
363 1070 438 1135 Galli
458 1089 494 1133 ex
509 1071 668 1152 Campania
686 1072 847 1141 redissent,
865 1072 968 1135 ioedae
984 1090 1077 1152 popu·

115 1157 241 1218 lationes
260 1157 291 1216 ln
312 1155 459 1216 Labicano
475 1154 700 1235 Tusculanoque
720 1164 749 1217 et
769 1154 883 1217 Albano
907 1174 978 1235 agro
1000 1156 1079 1218 baud

116 1239 207 1302 dubie
227 1238 399 1300 Tiburtibus
420 1237 543 1300 ducibus
563 1246 633 1301 sunt
652 1239 762 1308 tanum
785 1247 828 1310 et,
851 1256 918 1301 cum
939 1239 1110 1301 adversust

114 1323 270 1385 Tiburtem
283 1322 399 1384 bostem
414 1321 489 1382 duce
502 1321 622 1384 consule
645 1329 784 1384 contenta
798 1340 848 1383 res
861 1322 978 1402 publica
992 1329 1077 1392 esset,

114 1406 245 1469 Gallicus
255 1404 396 1467 tumultus
411 1405 584 1467 dictatorem
599 1407 696 1467 creari
708 1407 812 1485 coegit
833 1414 949 1468 creatm
960 1406 995 1478 Ο.
1008 1406 1077 1467 Ser·

113 1490 201 1551 vilius
216 1488 306 1550 Abala
321 1489 355 1550 T.
373 1488 542 1561 Quinctlum
558 1490 731 1567 magistrum
747 1490 878 1570 equitum
893 1489 980 1560 dixit,
997 1498 1027 1550 et
1042 1507 1078 1551 ex

115 1574 289 1636 auctoritate
302 1580 429 1653 patrum,
445 1572 471 1632 si
485 1589 629 1652 prospere
643 1571 674 1632 id
689 1571 799 1634 bellum
817 1575 975 1644 evenisset,
992 1572 1078 1633 ludos

115 1674 239 1735 magnos
255 1656 340 1717 vovit
377 1654 516 1725 dictator,
534 1655 571 1717 ad
586 1655 779 1717 continendos
792 1659 914 1738 proprio
933 1655 1012 1718 bello
1028 1655 1110 1717 Tuo

114 1740 213 1802 burtis
235 1737 383 1801 consulari
401 1740 533 1800 exercitu
551 1739 631 1801 iusso
650 1757 787 1810 manere,
812 1757 915 1802 omnes
934 1741 1076 1809 iuniores,

115 1822 198 1885 nullo
212 1822 393 1884 detractante
410 1820 560 1893 militiam,
575 1832 760 1885 sacramento
779 1823 886 1902 adegit
916 1826 1110 1903 pugnarunt

114 1906 195 1968 baud
210 1904 314 1986 procul
332 1912 418 1986 porta
435 1903 545 1967 Collina
562 1913 607 1967 est
625 1907 715 1968 totius
729 1905 840 1969 viribus
859 1906 941 1968 urbis
958 1908 989 1969 in
1007 1924 1077 1968 con·

115 1997 219 2071 spectu
232 1996 388 2070 parentum
404 1989 620 2069 coniugumque
633 2007 669 2051 ac
682 1988 858 2061 liberorum,
880 2008 956 2072 quae
971 2007 1077 2068 magna

115 2076 206 2136 etiam
225 2071 396 2135 absentibus
419 2072 606 2134 hortamenta
629 2074 720 2134 animi
739 2082 802 2135 tum
827 2073 960 2136 subiecta
985 2073 1078 2134 oculis

114 2156 204 2220 simul
226 2156 402 2217 verecundia
428 2154 690 2235 misericordiaque
716 2156 840 2218 militem
867 2156 1076 2218 accendebant.

114 2257 222 2319 magna
237 2241 386 2320 utrimque
402 2238 479 2299 edita
493 2238 584 2299 caede
597 2240 738 2299 avertitur
754 2238 873 2299 tandem
887 2241 965 2300 acics
980 2236 1077 2299 Gallo·
1093 2244 1107 2290 ⁷

113 2342 193 2385 rum.
222 2324 291 2402 iuga
305 2322 398 2384 Tibur
412 2323 488 2383 simu
501 2338 600 2382 arcem
614 2320 685 2382 belli
701 2320 805 2383 Gallici
817 2328 937 2400 petunt;
958 2319 1077 2399 palatia

113 2406 237 2469 consule
251 2404 381 2468 Poetelio
402 2405 481 2467 baud
499 2403 604 2484 procul
619 2403 730 2466 Tibure
753 2406 882 2486 excepti,
898 2404 1025 2483 egressis
1040 2402 1077 2464 ad

113 2507 203 2570 opem
214 2489 368 2551 terendam
379 2488 561 2560 Tiburtibus,
573 2487 661 2550 simul
672 2505 739 2549 cum
750 2489 786 2551 lis
796 2490 874 2550 intra
889 2496 991 2570 portas
1006 2506 1077 2548 con·

114 2572 275 2653 pelluntur.
312 2574 429 2652 egregie
450 2590 517 2634 cum
538 2571 575 2634 ab
595 2572 738 2634 dictatore
757 2580 821 2635 tum
835 2572 872 2635 ab
890 2571 1011 2635 consule
1028 2574 1110 2632 res8

114 2665 199 2737 gesta
219 2666 273 2719 est.
308 2663 339 2717 et
353 2654 456 2718 consul
472 2654 547 2717 alter
561 2655 671 2718 Fabius
688 2655 809 2736 proeliis
823 2658 951 2736 primum
968 2656 1076 2736 parvis,

113 2749 266 2822 postremo
281 2757 339 2802 una
350 2741 459 2818 insigni
475 2756 581 2819 pugna,
595 2758 662 2801 cum
676 2740 777 2803 hostes
791 2742 861 2803 totis
874 2741 970 2802 adorti
986 2740 1078 2819 copiis

114 2834 222 2894 essent,
234 2824 379 2885 Hernicos
396 2823 532 2884 devincit.
558 2822 682 2885 dictator
694 2824 867 2886 ,consulibus
881 2827 911 2886 in
929 2831 1034 2886 senatu
1049 2826 1109 2883 eta

115 2908 194 2987 apud
207 2905 349 2987 populum
359 2906 514 2986 magnillce
527 2906 709 2968 conlaudatis
724 2916 754 2968 et
767 2926 887 2970 suarum
898 2924 1014 2987 quoque
1028 2923 1077 2966 re·

114 3008 183 3052 rum
196 2991 254 3051 illis
269 2991 393 3052 rembso
407 2990 521 3053 bonore
539 2990 683 3051 dictatma
697 3009 730 3052 se
745 2990 899 3051 abdicarit.
929 2988 1077 3051 Poetelius

113 3074 152 3135 de
170 3074 261 3136 Gallis
274 3072 504 3153 Tiburtibusque
524 3075 674 3152 gemlnum
689 3074 872 3153 triumphum
895 3072 968 3149 egit,
984 3070 1076 3132 Fabio

113 3160 185 3219 satis
199 3159 302 3230 vnum,
316 3166 350 3218 ut
364 3173 453 3218 orans
466 3154 570 3218 urbem
585 3158 684 3218 iniret.

174 3241 308 3303 Inridere
328 3239 439 3301 Poeteli
459 3240 640 3317 triumphum
660 3239 813 3301 Tiburtes:
833 3237 885 3300 ubl
907 3239 986 3298 enlm
1006 3255 1073 3298 eum
1087 3242 1118 3293 itt

112 3343 215 3387 secum
230 3325 292 3386 acie
310 3322 494 3386 conflixissei
519 3330 701 3401 spectatores
718 3339 829 3401 paucos
846 3321 932 3400 iugae
947 3320 1076 3399 trepida·

113 3410 261 3488 tionlsque
274 3405 425 3469 Gallorum
445 3413 526 3467 extra
543 3412 644 3484 portas
662 3423 808 3484 egressos,
830 3412 985 3485 postquam
1000 3405 1030 3464 in
1046 3422 1077 3463 se

112 3510 231 3572 quoque
252 3491 316 3552 deri
335 3491 478 3571 impetum
498 3488 624 3550 viderint
649 3496 679 3549 et
697 3488 762 3549 sine
787 3489 956 3551 discrimine
976 3487 1076 3550 obvios
