2575 4067
250 225 362 273 ⁸amun
375 225 452 267 1111.
476 225 544 268 cae.
562 212 605 265 28.
619 214 664 268 29.
683 208 722 288 [a.
739 210 773 271 0.
789 208 851 291 217]
977 213 1039 279 287

67 372 111 434 ad
138 371 343 433 obsistendum
369 373 439 433 satis
463 370 589 441 sciebat,
616 373 800 435 contrahere.
852 394 922 454 ager
945 379 1067 439 eueniet

67 454 196 516 medius
211 464 274 516 crat
287 455 384 532 prima
397 455 496 535 specie
510 455 622 518 inutilis
634 456 811 528 insidiatori,
827 460 894 537 quia
906 477 966 520 nou
976 478 1039 520 mo·

70 538 114 599 do
141 537 276 598 silvestre
290 539 460 617 quicquam,
483 537 536 598 sed
556 557 595 600 ne
616 539 754 620 vepribus
766 541 886 620 quidem
904 544 1039 604 vestitum

70 620 223 691 habebat,
249 622 361 700 reipsa
379 630 464 683 natus
486 622 621 701 tegendis
634 623 763 693 insidiis,
784 642 820 685 eo
835 626 941 703 magis,
964 625 1068 705 quode

69 706 105 764 in
123 703 205 767 nuda
220 704 293 765 valle
307 703 385 766 uuila
410 704 474 767 talis
489 706 570 767 fraus
583 707 682 768 timeri
701 715 825 787 poterat.
860 715 890 769 et
905 717 989 770 erant
1009 709 1040 769 in

71 786 263 849 anfractibus
280 806 367 849 cavae
386 806 490 869 rupes,
512 798 545 850 ut
568 790 711 868 quaedam
733 808 833 852 earum
849 790 978 852 ducenos
993 811 1039 854 ar·

71 878 173 932 matos
188 878 309 950 possent
324 890 439 951 capere.
469 873 500 933 in
518 873 572 935 has
586 871 725 945 latebras,
749 883 821 953 quot
835 892 982 954 quemque
996 874 1065 937 lot

72 973 146 1015 cum
162 963 229 1034 apte
243 955 373 1016 insidere
390 963 541 1035 poterant,
563 957 692 1036 quinque
707 956 786 1019 milia
802 957 969 1019 conduntur
987 976 1039 1038 pe·

75 1038 173 1099 ditum
189 1040 388 1119 equitumque.
419 1038 525 1099 necubi
547 1048 647 1100 tamen
668 1048 717 1100 aut
736 1049 833 1102 motus
854 1040 975 1103 alicuius
996 1050 1069 1101 tes

74 1139 163 1183 mere
183 1124 294 1200 egressi
316 1130 366 1183 aut
385 1121 483 1200 fulgor
507 1140 657 1184 armorum
679 1122 812 1185 fraudem
833 1125 865 1184 in
886 1124 1039 1187 valletam

78 1212 181 1282 aperta
195 1204 360 1283 detegeret,
381 1206 478 1266 missis
492 1208 592 1285 paucis
613 1207 709 1285 prima
722 1205 788 1268 iuce
803 1205 839 1268 ad
855 1207 1038 1286 capiendum,

78 1304 169 1365 quem
176 1295 243 1348 ante
250 1288 390 1358 diximus,
403 1288 548 1349 tumulum
559 1290 664 1349 avertit
670 1289 771 1350 oculos
781 1291 920 1351 hostium.
943 1293 1069 1371 primos

79 1372 177 1432 statim
196 1378 355 1449 conspectu
370 1380 537 1451 contempta
556 1373 701 1451 paucitas,
725 1391 760 1433 ac
775 1372 831 1433 sihi
848 1374 971 1454 quisque
988 1374 1039 1436 de·

79 1471 203 1534 poscere
223 1453 375 1534 poliendos
396 1454 466 1516 inde
486 1456 579 1517 hostis
594 1473 628 1516 ao
649 1454 747 1517 locum
765 1456 957 1536 capiendum
981 1458 1039 1519 dux

78 1539 143 1616 ipse
163 1538 241 1598 inter
258 1537 462 1600 stolidissimos
481 1539 738 1619 ferocissimosque
759 1538 796 1600 ad
817 1557 898 1601 arum
912 1551 996 1602 vocat
1010 1550 1040 1602 et

79 1622 161 1681 vanis
185 1622 291 1682 animis
314 1630 344 1683 et
363 1623 452 1684 minb
468 1624 602 1703 increpat
620 1624 745 1684 hostem.
778 1625 924 1703 principio
945 1625 1082 1686 levemlo

80 1714 257 1766 armaturam
269 1704 403 1780 dimittit,
421 1704 528 1768 deinde
540 1707 674 1767 conierto
685 1709 802 1786 agmine
813 1708 902 1768 mittit
916 1710 1037 1788 equites,

80 1797 244 1867 postremo,
271 1806 338 1849 cum
365 1788 498 1850 hostibus
518 1807 634 1869 quoque
657 1789 787 1851 subsidia
815 1792 892 1853 mitti
916 1791 1037 1861 rideret,

80 1872 230 1932 instructis
253 1869 418 1950 legionibus
437 1872 582 1951 procedit.
620 1882 650 1932 et
671 1872 817 1934 Hannibal
837 1873 1076 1936 laborantibustt

81 1956 141 2016 suis
155 1953 211 2015 aha
227 1961 314 2033 etque
330 1954 384 2014 alia
406 1961 438 2015 ut
454 1963 606 2016 crescente
623 1956 784 2015 certamine
799 1957 918 2017 mittens
933 1956 1038 2018 auxiha

81 2038 210 2117 peditum
224 2039 413 2117 equitumque
427 2039 485 2098 mm
496 2038 602 2098 iustam
617 2035 785 2116 expleverat
798 2039 905 2108 aciem,
923 2057 956 2100 ac
970 2041 1039 2100 totis

81 2123 227 2201 utrimque
241 2120 351 2181 vhihus
364 2127 503 2182 certatur.
535 2121 631 2198 prima
645 2119 717 2181 levis
732 2128 879 2181 armatura
891 2122 1080 2183 Romano-12

83 2224 162 2271 rum,
207 2210 434 2281 raeocoupatum
454 2203 594 2264 inferiore
614 2203 680 2264 loco
699 2202 860 2264 succedens
885 2204 1037 2274 tumrdum,

82 2286 164 2365 pulsa
180 2223 356 2364 petrumque
371 2293 516 2346 terrorem
531 2288 563 2345 in
576 2285 784 2347 succedentem
798 2285 897 2348 intulit
910 2288 1038 2366 equitem

84 2369 162 2430 etad
177 2369 260 2445 cigna
274 2365 422 2445 legionum
437 2368 553 2447 refugit
583 2368 715 2448 peditum
730 2370 808 2431 acies
826 2370 904 2430 inter
920 2369 1035 2449 percul-
1049 2377 1080 2428 ts

84 2470 131 2514 eos
148 2451 283 2530 inpavida
298 2450 360 2512 sola
380 2460 457 2522 erat,
476 2450 700 2531 videbaturque,
721 2454 747 2512 si
769 2454 843 2513 iusta
864 2471 899 2514 ac
918 2454 943 2512 si
956 2461 1038 2515 recta

87 2554 178 2616 pugna
187 2547 277 2606 esset,
291 2535 514 2616 haudquaquam
526 2537 612 2616 inpar
623 2537 736 2597 futura:
748 2544 861 2597 tautmu
873 2537 1038 2599 animorum

85 2618 193 2681 iecerat
210 2638 354 2700 prospere
374 2629 441 2681 ante
462 2638 571 2700 paucos
590 2621 653 2682 dies
674 2638 723 2682 res
741 2628 832 2700 geste.
866 2620 918 2682 sed
941 2623 1036 2683 exorti
1047 2629 1078 2680 lo

84 2711 202 2782 repente
213 2703 400 2765 insidiatores
414 2722 482 2765 eum
496 2704 651 2766 tumultum
672 2712 876 2786 terroremque
895 2707 926 2765 in
946 2705 1038 2767 latera

84 2789 227 2864 utrimque
238 2786 274 2847 ab
291 2797 433 2866 tergoque
443 2789 628 2849 incursantes
641 2789 791 2857 iecerunt,
806 2797 840 2850 ut
854 2806 909 2849 nec
923 2791 1038 2850 animus

86 2867 120 2928 ad
146 2886 273 2946 pugnam
297 2870 453 2948 nequead
481 2871 581 2948 iugem
605 2889 673 2949 spes
701 2873 835 2950 cuiquam
861 2879 1037 2948 superesset.

87 2948 182 3010 xxix.
211 2950 287 3011 Tum
299 2950 406 3013 Fabius
416 2954 513 3030 primo
525 2952 654 3014 clamore
666 2954 832 3032 paventium
844 2952 955 3023 audito,
969 2953 1037 3013 dein
1048 2958 1061 3009 1

87 3040 238 3111 conspecta
249 3032 354 3112 procui
368 3033 483 3095 turbata
494 3036 570 3104 acic,
587 3038 656 3106 „ita
667 3043 746 3107 est“,
763 3035 872 3113 inquit,
889 3052 975 3105 „non
989 3052 1037 3096 ce·

87 3117 173 3177 ierius
187 3135 275 3196 quam
291 3118 375 3177 tinrui
389 3116 545 3194 deprendit
559 3118 676 3180 fortuna
692 3120 897 3180 temeritatem.
931 3117 1066 3180 Fabiuse

88 3207 221 3279 aequatus
241 3201 366 3280 imperio
379 3198 571 3260 Hannibalem
594 3212 623 3262 et
641 3204 747 3262 virtute
762 3210 792 3263 et
812 3200 928 3263 fortuna
950 3220 1037 3281 supe·

88 3285 190 3345 riorem
205 3285 291 3345 ridet.
327 3283 379 3343 sed
399 3282 478 3345 aliud
499 3285 633 3361 iurgandi
654 3284 901 3364 succensendique
921 3295 1038 3363 tempus

88 3368 152 3428 erit:
174 3385 253 3429 nunc
274 3367 358 3443 signa
379 3376 461 3428 extra
481 3366 587 3429 vallum
606 3369 747 3447 proferte.
790 3368 940 3429 victoriam
961 3369 1038 3430 hosti

89 3459 322 3531 extorqueamus,
339 3451 554 3512 confessionem
572 3454 683 3513 erroris
699 3451 841 3513 civibus.“
856 3453 914 3512 iam
932 3460 1065 3530 maguae
