2575 4067
246 190 308 256 258
419 203 513 246 urens
527 203 591 245 m.
608 203 680 246 car.
692 190 736 245 63.
753 179 794 264 [a.
809 204 842 246 n.
857 204 884 244 c.
899 188 958 242 536.
973 183 1036 263 aar]

245 350 379 414 habitum
400 351 437 411 ad
458 349 572 412 iructus
595 367 631 411 en
652 351 732 429 agris
751 348 925 417 sectandos3
950 356 1088 429 quaestus
1108 351 1210 411 omnis

244 433 376 516 patribus
392 434 550 495 indecorus
564 433 653 496 visus.
688 451 738 494 res
752 451 806 514 per
821 450 967 494 summanr
984 433 1210 495 contentionem

245 525 310 585 acta
326 516 465 579 invidiam
479 517 557 597 apud
569 514 753 579 nobilitatem
767 516 882 578 suasori
895 515 969 594 legis
982 513 1145 588 Flaminio,
1161 516 1209 578 ia·

244 619 344 663 rorem
362 600 440 681 apud
453 598 571 680 plebem
586 599 770 680 alterumque
785 599 855 661 inde
876 598 1060 662 consulatum
1075 600 1208 680 peperit

213 683 282 748 tob
297 684 372 747 baec
393 690 474 746 ratus
489 684 627 763 auspiciis
648 682 842 745 ementiendis
864 683 1094 764 Latinarumque
1113 683 1208 745 leria-

242 787 310 831 rum
325 786 408 830 mora
424 774 454 829 et
470 765 674 830 consularibus
685 766 749 828 aliis
763 766 972 847 inpedimentis
986 774 1158 829 retenturos
1172 786 1208 829 se

243 854 275 914 in
288 850 371 923 urbe,
388 850 523 913 simulato
535 850 642 913 itinere
653 851 783 931 privatus
795 850 871 913 clam
881 851 912 911 in
923 851 1104 930 provinciam
1120 850 1206 913 abiit

215 954 278 1012 gea
300 953 349 997 res
372 934 424 996 ubi
447 933 544 1013 palam
565 934 641 996 laeta
656 941 714 1005 est,
736 953 841 996 noram
855 936 977 1014 insuper
996 935 1071 996 iram
1088 933 1206 996 infestis

242 1021 301 1081 lam
317 1025 386 1080 ante
400 1018 532 1098 patribus
549 1019 654 1079 morit:
669 1036 729 1079 non
748 1036 815 1078 cum
832 1025 936 1080 senatu
950 1018 1055 1088 modo,
1078 1017 1130 1079 sed
1145 1018 1205 1079 iam

214 1111 310 1165 'tcum
325 1102 381 1164 dlis
395 1101 600 1164 inmortalibus
613 1103 644 1163 C.
664 1101 842 1163 Flaminium
856 1100 968 1163 bobum
986 1118 1101 1181 gerere.
1132 1120 1205 1163 con·

242 1185 336 1248 suem
356 1192 424 1247 aute
442 1186 624 1266 inauspicato
648 1184 758 1247 iactum
777 1184 985 1247 revocantibus
1005 1203 1042 1247 en
1057 1186 1122 1265 ipsa
1139 1188 1203 1249 acie

243 1270 299 1333 dlis
310 1276 396 1350 atque
411 1268 581 1331 bominibus
592 1286 653 1330 non
667 1271 816 1349 paruIsse;
833 1287 913 1330 nunc
925 1270 1105 1331 conscientia
1117 1287 1204 1349 spre-

242 1359 340 1417 torum
355 1362 385 1416 et
395 1352 570 1433 Capitolium
580 1361 610 1413 ct
618 1351 792 1414 sollemnem
803 1359 938 1413 votorum
951 1353 1204 1431 nuncupationem

213 1437 365 1516 dlugisse,
381 1454 420 1497 ne
435 1435 482 1497 die
497 1437 563 1497 initi
577 1438 765 1514 magistratus
779 1435 855 1497 lovis
873 1436 977 1516 optimi
991 1436 1111 1497 maximi
1127 1444 1204 1496 tem·

242 1524 323 1603 plum
340 1519 449 1589 adiret,
467 1536 505 1580 ne
520 1528 655 1581 senatum
671 1520 781 1581 invisus
798 1519 862 1599 ipse
886 1527 916 1581 ct
937 1518 994 1580 sibi
1009 1521 1062 1579 uni
1076 1520 1203 1581 inrisum

241 1605 355 1667 rideret
368 1600 607 1683 consuleretque,
624 1621 662 1664 ne
672 1604 791 1665 Latinas
804 1603 950 1664 indiceret
963 1602 1083 1683 lotique
1093 1602 1204 1664 Latiari

211 1691 384 1751 ssoltemne
395 1702 513 1747 sacrum
524 1687 556 1746 ln
571 1693 672 1748 monte
687 1687 814 1758 iaceret,
833 1705 871 1748 ne
885 1687 1035 1765 auspicato
1050 1685 1203 1766 proiectus

241 1770 273 1830 ln
289 1766 464 1848 Capitolium
487 1769 525 1830 ad
546 1776 612 1831 vota
632 1769 842 1850 nuncupanda,
867 1769 1023 1850 paludatus
1043 1769 1113 1830 inde
1134 1788 1202 1831 eum

241 1850 395 1914 lictoribus
410 1853 441 1913 in
456 1854 639 1934 provinciana
654 1856 721 1915 iret.
753 1854 827 1916 lixae
842 1854 930 1916 modo
946 1856 1010 1915 sine
1026 1852 1201 1931 insignibus,

242 1936 305 1997 sine
321 1935 473 1998 lictoribus
487 1937 654 2016 proiectum
670 1937 760 2008 clam,
778 1938 894 2006 furtim,
916 1937 995 1999 baud
1011 1936 1097 1998 aliter
1111 1956 1201 2017 qnam

202 2021 268 2081 lusi
284 2019 362 2081 exilii
384 2038 471 2083 causa
493 2020 588 2083 solum
603 2023 753 2103 vertisset,
775 2022 869 2101 magis
884 2040 939 2102 pro
954 2023 1105 2083 maiestate
1122 2020 1202 2081 ride-

241 2104 310 2166 licet
325 2105 441 2185 imperii
454 2105 580 2166 Arimini
600 2123 688 2185 quam
707 2104 818 2166 Romae
839 2106 1043 2184 magistratum
1056 2105 1202 2166 initurum

242 2195 271 2250 et
288 2189 321 2249 in
336 2187 505 2249 deversorio
524 2186 664 2267 hospitali
684 2207 771 2268 qnam
792 2187 871 2266 apud
891 2194 1014 2267 penates
1030 2206 1100 2249 suos
1113 2207 1202 2269 prae-

200 2278 230 2331 ll
242 2278 353 2334 textam
376 2281 572 2353 sumpturum.
608 2269 806 2333 revocandum
827 2272 957 2333 universi
972 2271 1203 2334 retrahendum·

240 2374 298 2437 que
315 2363 496 2417 censuerunt
519 2362 548 2416 et
571 2355 736 2435 cogendum
759 2353 896 2416 omnibus
914 2356 997 2435 prius
1012 2363 1203 2436 praesentem

240 2440 272 2500 in
283 2438 356 2499 deos
364 2439 558 2519 hominesque
571 2438 654 2517 iungi
667 2439 787 2508 olliciis,
804 2457 893 2518 quam
905 2439 941 2500 ad
953 2440 1115 2501 exercitum
1129 2441 1202 2501 etin

200 2529 232 2579 12
242 2521 423 2600 provinciam
437 2523 503 2582 iret
532 2523 564 2582 in
575 2540 640 2583 eam
656 2521 832 2600 legationem
850 2556 885 2566 -
902 2521 1013 2601 legatos
1029 2523 1107 2584 enim
1124 2524 1203 2585 mitti

240 2602 350 2681 placuit
368 2636 410 2648 —
432 2603 467 2675 0.
495 2605 652 2666 Terentius
679 2614 708 2666 et
728 2606 766 2666 Μ.
794 2605 934 2667 Antistius
961 2606 1088 2685 proiecti
1107 2605 1202 2667 nihilo

240 2685 334 2763 magls
351 2694 604 2757 summoverunt,
620 2706 709 2767 mam
725 2691 826 2768 priore
841 2688 994 2751 consulatu
1010 2689 1126 2751 litterae
1137 2707 1201 2751 mo·

200 2775 346 2831 laverant
363 2766 401 2830 ab
423 2777 527 2830 senatu
546 2771 662 2833 missae.
698 2790 807 2852 paucos
829 2780 897 2852 post
916 2772 978 2834 dies
997 2773 1201 2852 magistratum
1263 2836 1267 2857 .

244 2853 325 2923 iniit,
345 2852 560 2935 inmolantique
575 2855 603 2916 ei
620 2855 726 2918 vitulus
742 2857 801 2917 iam
815 2856 890 2917 ictus
905 2874 922 2918 e
938 2855 1075 2919 manibus
1089 2858 1201 2918 sacriti-

239 2939 369 3001 candum
380 2956 445 3000 sese
452 2955 519 3000 cum
530 2940 733 3021 proripuisset,
745 2938 854 3002 multos
860 2940 1083 3003 circumstantes
1094 2958 1203 3002 cruore

198 3031 230 3081 14
241 3022 392 3102 respersit
415 3021 811 3103 lugaproculctiammaiora
832 3024 873 3084 ud
883 3025 1011 3104 ignaros,
1027 3022 1098 3104 quld
1109 3025 1202 3105 trepi-

239 3104 369 3176 daretur,
386 3113 416 3166 et
432 3106 617 3168 concursatio
630 3106 695 3170 iuit.
718 3107 748 3169 id
763 3126 778 3168 a
792 3043 941 3188 plerisque
954 3109 987 3168 in
1000 3124 1087 3168 omen
1100 3109 1202 3187 magni

199 3189 364 3250 interranis
384 3195 547 3270 acceptum.
585 3188 750 3270 legionibus
768 3191 838 3252 iude
858 3191 971 3253 duabus
992 3190 1201 3272 aSempronio

240 3273 350 3352 prioris
363 3274 434 3334 anni
442 3272 571 3347 consule,
588 3273 701 3336 duabus
715 3294 732 3337 a
744 3275 775 3337 C.
784 3273 871 3336 Atilio
879 3283 1019 3356 praetore
1030 3276 1159 3354 acceptis
1169 3277 1202 3337 in

238 3353 386 3417 Etruriam
400 3373 455 3434 per
467 3358 614 3438 Apennini
624 3361 757 3422 tramites
772 3361 918 3421 exercitus
933 3357 1001 3421 duci
1013 3366 1057 3420 est
1068 3364 1204 3439 coeptus,
