2575 4067
258 233 354 294 nmnn
370 235 414 279 u.
431 235 501 280 oar.
515 224 559 276 ⁴1.
576 226 618 276 ⁴2.
637 213 678 298 [a.
694 217 729 280 0.
744 215 883 301 toti-too]
990 224 1050 290 1t1

86 400 149 453 res;
173 382 356 445 umbonibus
376 385 552 465 incussaque
572 383 618 446 ala
644 390 818 446 obruuntur
840 384 949 449 hostes.
984 385 1096 467 pluto

86 470 204 548 eapitur
223 466 378 528 bominum
398 485 486 548 quam
509 468 655 538 caeditur,
679 474 767 549 atque
785 485 845 529 una
864 486 920 531 ror
939 488 1052 551 ponere

84 568 170 613 arma
195 549 362 612 iubentium
386 569 441 631 per
465 559 558 613 totam
584 553 680 614 iertur
705 553 808 614 aciem.
849 552 948 632 itaqua
971 554 1095 615 intorto

82 636 185 714 ipsum
196 642 349 695 certamen
363 634 440 697 laeta
451 635 561 697 alediio
572 643 617 698 est
632 654 650 698 a
664 636 769 716 primu
783 633 1051 706 recusaturum

81 726 207 797 postero
227 717 508 800 insequentibusque
522 719 626 781 diebus
639 727 671 781 et
684 721 777 782 ceteri
794 716 975 782 Umbrorum
997 737 1051 800 po·

80 801 146 881 puli
164 801 330 864 deduntur:
346 801 496 864 Orioassanl
514 805 674 884 sponsione
693 805 724 864 in
744 803 903 865 amicitiam
927 804 1050 884 aooepti.

146 885 236 947 xiil.
284 884 408 956 Fabius,
434 885 547 948 alienae
571 889 660 949 sortia
685 888 779 949 vietor
798 885 885 957 belil,
908 888 941 948 in
966 894 1075 948 ouaml

79 970 269 1050 provinciam
286 970 449 1032 exereitum
464 970 591 1033 reduxit.
614 973 715 1054 itaque
729 971 758 1032 el
773 969 812 1033 ob
832 987 882 1032 reo
907 978 967 1032 tam
987 969 1080 1032 felt-r

81 1054 160 1115 citer
175 1061 287 1133 gestae,
305 1053 382 1115 sieut
393 1055 495 1133 priore
511 1073 589 1117 anno
602 1053 729 1136 populor
743 1055 966 1116 continuaverat
978 1071 1050 1117 oon·

80 1136 230 1208 sulatum,
246 1139 288 1198 ita
297 1144 415 1199 senatore
428 1139 459 1198 in
470 1140 676 1220 insequentem
688 1156 814 1208 annum,
830 1139 952 1218 qqup.
964 1135 1048 1200 Clau·

80 1220 151 1281 (lius
173 1221 206 1282 L.
226 1218 398 1282 Volumnius
419 1222 555 1284 eonsules
575 1222 712 1294 fuerunt,
734 1221 904 1302 prorogavit
923 1222 1050 1282 maxime

79 1306 181 1384 Appio
205 1303 378 1366 adversante
402 1306 570 1386 imperium.
604 1305 732 1386 Appium
760 1321 916 1367 oenaorem
941 1305 1078 1384 petisset

81 1386 284 1457 consulatum,
307 1389 484 1469 comitiaque
509 1391 572 1451 eiua
593 1388 630 1451 ab
650 1390 684 1451 L.
701 1388 790 1451 Furio
812 1386 933 1450 tribuno
954 1386 1050 1468 plebia

81 1470 289 1550 interpellata,
316 1470 411 1534 donee
436 1490 469 1534 aa
490 1490 616 1535 censura
637 1473 795 1544 abdicarit,
821 1474 853 1534 ln
875 1470 1050 1550 quibusdam

80 1554 242 1616 annalibus
260 1557 387 1616 invenio.
424 1564 541 1618 oreatus
561 1556 678 1629 consul,
704 1554 922 1636 eum-collegae
941 1562 1079 1617 norumt

80 1636 367 1714 bellumsailentini
379 1639 480 1702 hoetee
492 1640 738 1713 decernerentur,
755 1640 867 1702 lionrae
877 1640 1000 1711 mansit,
1016 1648 1050 1704 ut

82 1721 208 1784 urbanis
230 1721 342 1785 utilius
366 1741 438 1804 opea
458 1731 595 1803 augeret,
616 1724 735 1806 quando
756 1723 828 1787 balli
846 1723 936 1787 deone
955 1742 1049 1806 penae

82 1805 159 1870 alios
172 1813 259 1868 esset.
291 1804 478 1869 Volumnium
492 1810 663 1889 provinciae
678 1808 757 1872 baud
776 1810 935 1891 paenituit:
955 1808 1076 1870 multat

82 1889 216 1950 weunda
227 1889 340 1969 proella
349 1891 433 1961 iecit,
446 1891 557 1972 aliquot
565 1891 656 1955 urbes
669 1893 798 1955 heroum
810 1894 839 1954 vi
847 1894 935 1971 repit
961 1910 1047 1973 prae·

83 1973 141 2034 dae
157 1980 222 2035 erat
236 1972 360 2053 largitor
376 1981 407 2036 et
424 1973 636 2054 benignitatem
655 1994 711 2057 per
727 1993 760 2037 ee
780 1982 894 2054 gratam
911 1977 1048 2036 comitato

82 2056 255 2130 adiuvabat,
279 2056 459 2139 militemque
481 2058 528 2120 his
553 2058 667 2121 artibus
688 2058 800 2118 iecerat
820 2065 850 2118 et
871 2056 996 2137 periculi
1018 2066 1048 2119 et

82 2136 195 2202 laboris
213 2140 339 2202 avidum.
368 2142 402 2214 Q.
419 2140 527 2203 Fabius
549 2159 606 2221 pro
628 2138 748 2202 eonoule
766 2139 804 2201 ad
823 2138 929 2200 urbem
946 2139 1076 2202 Allifano

83 2241 153 2286 oum
170 2225 346 2287 Samnitium
363 2227 495 2288 exercitu
508 2226 601 2304 signia
617 2222 741 2286 conlatis
755 2221 897 2300 confligit.
926 2222 1047 2283 minime

84 2306 222 2387 ambigua
247 2326 296 2369 res
323 2309 393 2371 init:
420 2310 478 2371 iusi
503 2309 603 2370 hostes
624 2316 712 2389 atque
732 2309 765 2369 ln
787 2312 882 2367 eutra
903 2303 1047 2385 conpulsi.

83 2408 142 2453 nee
164 2400 260 2454 casua
281 2392 381 2454 [orent
401 2401 533 2467 retenta,
555 2394 588 2454 ni
609 2393 747 2471 exiguum
764 2387 1046 2470 superfusoriam

84 2480 154 2536 ante
177 2484 295 2538 noctem
311 2483 411 2538 tamen
430 2484 499 2540 aunt
521 2478 716 2540 eircumseoea
737 2484 768 2539 et
786 2480 874 2536 noete
893 2471 1046 2545 cutodita,

84 2577 123 2620 ne
140 2561 207 2639 quis
221 2559 297 2621 elabi
314 2569 425 2640 posset.
453 2568 574 2641 postero
589 2559 637 2624 (iio
653 2560 772 2623 vixdum
786 2558 853 2622 luoe
867 2565 949 2621 certa
967 2557 1075 2620 dedi-t

84 2645 126 2703 tio
145 2644 212 2703 fieri
227 2651 347 2723 coepta,
370 2653 401 2705 et
420 2646 513 2725 pacti,
535 2646 587 2727 qui
603 2646 778 2708 Samnitium
793 2645 907 2715 forent,
931 2652 964 2706 ut
979 2661 1047 2706 eum

85 2726 209 2804 singulis
234 2728 416 2788 vestimentis
438 2729 659 2792 emitterentur:
690 2731 840 2793 ilomnee
864 2727 920 2790 rub
944 2729 1045 2807 iugum

86 2811 178 2872 misai.
212 2812 301 2872 sociis
322 2811 498 2873 Samnitium
518 2812 594 2873 nihil
613 2820 747 2881 cautum:
774 2811 812 2874 ad
831 2820 945 2890 septem
965 2811 1075 2872 mitae

85 2892 140 2954 sub
157 2911 267 2955 corona
277 2894 406 2955 veniere.
432 2896 483 2975 qui
496 2914 529 2958 oe
544 2895 801 2957 olvomllornleum
817 2893 945 2962 dixerat,
962 2911 1044 2953 seor·

85 2995 135 3038 sau
159 2977 192 3037 in
215 2977 347 3039 custodia
371 2977 498 3041 habitus.
548 2996 599 3041 eoo
619 2995 723 3040 omnes
740 2975 849 3039 Fabius
867 2975 992 3045 Romam
1010 2972 1076 3036 adt

85 3067 221 3123 renatum
241 3063 334 3131 misit;
355 3068 385 3123 et
414 3080 483 3124 oum
508 3065 674 3144 quaesitum
694 3068 786 3131 eruet,
807 3057 916 3121 dilectu
936 3074 975 3119 an
995 3076 1046 3119 vo·

84 3143 205 3206 luntarii
223 3164 278 3226 pro
294 3145 472 3208 Samnitibus
487 3145 625 3209 adversm
636 3145 786 3208 Romanoa
801 3141 975 3215 bellaaaent,
992 3159 1047 3223 per

85 3230 206 3292 Latinos
216 3229 341 3310 populos
351 3226 534 3291 custodiendi
546 3228 665 3300 dantur,
679 3230 809 3309 iussique
821 3245 885 3288 eam
899 3226 1045 3306 integram
1056 3231 1090 3286 10

86 3331 151 3373 rem
173 3314 242 3374 nori
264 3312 402 3374 consuler
418 3313 450 3375 P.
465 3312 618 3375 Cornelius
639 3312 748 3373 trum
770 3312 805 3383 Q.
825 3310 952 3371 Marcius
972 3310 1047 3372 Tre·

86 3395 184 3458 mulus
203 3431 242 3442 -
257 3398 289 3458 hl
304 3399 383 3458 enim
394 3398 453 3458 iam
466 3398 557 3458 ereati
572 3405 713 3458 erant-
726 3395 762 3457 ad
778 3400 912 3456 senatum
922 3394 1045 3457 referre.

87 3478 118 3540 td
132 3497 221 3560 aegre
235 3483 314 3562 passi
328 3481 462 3553 Hernici,
479 3481 635 3544 concilium
656 3478 834 3563 populorum
848 3479 979 3543 omnium
994 3479 1047 3542 ha·
1058 3484 1087 3539 n
