2575 4067
244 273 285 336 66
369 288 463 330 31333
477 287 546 330 vnr.
563 286 631 329 333.
648 273 691 327 16.
707 262 791 346 [(1.3.
806 286 832 326 c.
847 259 1070 343 alt-(421)423]

248 437 322 498 31313
336 435 466 496 finitimis
480 453 562 497 arma
573 436 775 505 coniunxerat,
790 438 908 513 unoque
918 428 1032 510 proelio
1043 427 1121 490 baud
1132 446 1205 491 sane

245 519 429 582 memorabili
444 519 568 580 duorum
579 517 758 599 populorum
770 517 918 579 exercitus
934 514 1016 575 13333
1029 513 1205 593 propinqui·

245 613 304 664 tate
323 602 442 664 urbium
466 612 495 664 et
515 602 551 664 ad
575 602 674 680 fugam
692 603 816 681 pronior
836 608 866 662 et
886 600 918 660 in
937 598 1006 677 iuga
1027 598 1091 678 ipsa
1113 598 1206 658 tutior

214 689 309 749 31311.
341 704 397 747 333
411 696 509 748 tamen
530 688 638 747 omissa
660 686 722 747 eius
742 684 813 745 belli
827 702 898 745 cura
912 680 1059 763 patribus,
1076 682 1144 760 quia
1159 688 1206 741 13

245 774 323 833 11333
338 772 396 831 iam
408 770 532 832 Sidicini
542 779 592 831 aut
607 771 665 849 ipsi
672 777 825 830 moverant
837 765 948 829 bellum
959 773 1010 828 aut
1018 763 1208 827 moventibus

213 867 230 915 a
245 853 385 917 auxilium
394 853 524 915 tulerant
535 864 586 916 aut
597 872 684 915 33333
695 870 847 914 armorum
860 851 986 913 1331331.
1014 851 1112 929 itaque
1123 850 1209 910 omui

247 957 302 1019 ope
319 938 413 999 adnisi
432 947 513 1008 3331,
531 946 564 999 31
579 939 740 998 3131131313
755 955 789 997 33
804 942 978 1014 tempestate
994 934 1208 1014 Imperatorem

214 1024 284 1086 obl.
297 1020 445 1083 Valerium
463 1023 589 1085 Corvum
604 1019 756 1082 consulem
768 1027 904 1100 quartum
919 1019 1067 1079 lacerent:
1091 1014 1206 1095 collega

245 1106 360 1169 additus
377 1106 469 1168 Corvo
484 1106 522 1167 ll.
539 1105 642 1166 Atilius
656 1103 800 1182 Regulus:
819 1112 848 1165 et
862 1122 900 1164 33
916 1102 993 1164 13113
1007 1119 1076 1163 casu
1090 1118 1207 1163 errare·

246 1199 309 1261 131,
328 1190 452 1270 petitum
463 1188 499 1250 ab
516 1187 699 1258 consulibus,
715 1196 748 1249 31
763 1198 845 1250 31113
858 1195 970 1249 sortem
987 1186 1073 1248 Corvi
1086 1203 1120 1246 33
1136 1202 1207 1265 313-

214 1275 340 1336 1113313
368 1281 454 1335 33331.
488 1274 619 1335 31313113
642 1274 753 1333 1131313
773 1291 790 1334 3
810 1270 1012 1352 superioribus
1037 1267 1208 1331 consulibus

247 1356 526 1437 33333133113133,
542 1356 621 1419 unde
632 1356 742 1418 bellum
755 1364 852 1417 ortum
864 1364 942 1425 3131,
956 1354 1122 1434 333133133,
1138 1371 1207 1414 cum

247 1442 347 1503 hostes
371 1440 406 1500 ab
427 1442 589 1521 superioris
609 1442 697 1501 etiam
725 1441 894 1501 certaminis
916 1439 1060 1500 memoria
1085 1436 1208 1518 pavidos

248 1526 378 1587 clamore
393 1531 480 1603 atque
494 1525 607 1605 lmpetu
616 1525 713 1603 primo
728 1523 868 1594 fudisset,
885 1523 1002 1584 moenia
1017 1523 1079 1602 ipsa
1093 1538 1208 1602 oppug-

215 1620 231 1670 7
247 1627 319 1670 3313
329 1615 374 1668 331
384 1607 549 1685 adgressus.
573 1618 603 1668 et
609 1606 735 1668 militum
748 1606 902 1686 quidemis
916 1606 1208 1675 313131131,311331

247 1691 317 1752 inde
333 1708 400 1751 cum
423 1689 509 1752 scalis
529 1692 689 1753 succedere
710 1691 746 1752 ad
767 1708 869 1754 muros
885 1689 993 1751 1311331
1010 1706 1208 1768 erasmosque

216 1774 478 1845 8333133131331;
500 1775 625 1846 Corvus,
643 1777 711 1855 quia
727 1775 757 1835 id
772 1773 898 1836 arduum
916 1775 994 1836 13313
1010 1781 1087 1843 3331,
1104 1771 1209 1835 labore

247 1858 373 1921 militum
396 1859 494 1938 potius
514 1877 602 1938 quam
621 1858 754 1939 periculo
772 1875 916 1938 peragere
937 1861 1088 1938 inceptum
1106 1855 1207 1918 331311

247 1946 346 2023 itaque
369 1960 507 2021 aggerem
529 1951 559 2003 et
578 1944 678 2003 vineas
699 1943 759 2021 egit
780 1951 935 2023 turresque
955 1960 1040 2004 muro
1069 1941 1208 2012 admovit,

215 2036 233 2089 a
247 2045 372 2107 quarum
387 2044 473 2088 33313
486 2026 563 2088 13113
575 2025 673 2088 oblata
687 2028 869 2107 oportunitas
882 2027 1051 2107 3133131111.
1080 2043 1210 2105 namque

247 2112 285 2173 ll.
302 2110 426 2181 Fabius,
445 2113 574 2192 captivus
590 2110 755 2182 Romanus,
771 2128 839 2171 cum
853 2129 908 2191 per
922 2109 1139 2189 neglegentiam
1157 2127 1210 2171 cu·

248 2195 365 2257 stodum
381 2194 457 2257 13313
482 2196 530 2257 die
549 2193 672 2257 vinculis
692 2196 787 2275 ruptis
812 2212 867 2274 per
883 2213 1003 2257 murum
1021 2196 1100 2255 inter
1117 2211 1211 2275 opera

247 2279 448 2341 Romanorum
474 2279 597 2358 religata
623 2278 661 2340 ad
688 2279 810 2357 pinnam
834 2281 913 2340 muri
939 2287 1019 2340 13313
1046 2295 1210 2358 suspensus

207 2363 383 2426 romanibus
409 2382 442 2425 se
468 2363 648 2434 demisisset,
678 2361 807 2441 perpulit
835 2363 1061 2442 imperatorem,
1082 2369 1117 2424 31
1139 2364 1209 2424 3133

248 2446 403 2526 epulisque
416 2449 526 2527 sopitos
540 2447 641 2509 1133133
659 2445 880 2524 adgrederetur.
914 2464 971 2508 uec
985 2448 1097 2508 maiore
1112 2454 1209 2509 33113-

247 2531 327 2592 31133
342 2532 501 2608 33311333
515 2527 590 2591 urbe
605 2532 737 2592 Ausones
758 2537 838 2600 sunt,
859 2549 948 2611 quam
963 2531 1027 2591 3313
1042 2529 1209 2593 133133331

246 2612 357 2693 313313
374 2618 457 2692 33313
472 2613 577 2692 iugens
591 2622 649 2684 est,
665 2613 872 2695 praesidioque
882 2616 1011 2695 13333113
1028 2613 1145 2677 Calibus
1160 2632 1209 2676 13-

206 2704 237 2755 11
250 2696 353 2757 133133
364 2694 488 2758 Romam
500 2695 641 2776 legiones.
663 2697 766 2758 consul
777 2716 814 2759 31
827 2708 947 2760 senatus
959 2697 1095 2760 33333113
1103 2699 1210 2761 trium·

246 2780 361 2861 pharit,
384 2787 429 2851 31,
450 2797 488 2842 33
509 2780 614 2843 Atilius
635 2798 742 2862 expers
771 2781 882 2861 gloriae
902 2792 994 2855 33331,
1021 2783 1094 2844 13331
1121 2782 1209 2845 ambo

205 2873 238 2923 12
250 2862 386 2925 33333133
401 2863 540 2928 adversus
552 2865 698 2928 Sidicinos
710 2866 818 2929 ducere
834 2868 1005 2930 3131311331.
1035 2866 1210 2929 dictatorem

246 2956 314 3009 3313
332 2958 505 3012 313333133
529 2949 665 3012 33333113
687 2952 874 3012 comitiorum
892 2950 1098 3012 habendorum
1120 2968 1209 3013 33333

246 3032 385 3094 11131331
396 3034 428 3096 L.
441 3033 597 3097 Aemilium
608 3035 837 3106 Mamercinum
854 3037 878 3097 is
889 3035 1063 3114 magistrum
1076 3037 1208 3116 equitum

246 3115 281 3189 Q.
297 3116 455 3179 Publilium
476 3118 632 3181 Philonem
655 3118 736 3181 dixit
770 3119 914 3180 dictatore
934 3119 1052 3181 comitia
1079 3118 1211 3182 habente

207 3199 383 3262 1333333133
398 3204 490 3263 creati
505 3211 575 3263 3331
589 3202 624 3262 Τ.
636 3203 775 3265 Vetmius
791 3203 841 3283 Sp.
857 3201 1034 3265 Postumius.
1066 3204 1122 3264 etsi
1137 3201 1209 3263 belli

245 3303 315 3364 pars
332 3303 400 3346 cum
414 3285 552 3347 Sidicinis
568 3285 714 3362 restabat,
736 3295 850 3359 133133,
871 3294 904 3348 31
922 3286 1067 3349 beneflcio
1084 3305 1208 3368 praeve·

245 3369 345 3428 311331
356 3368 535 3431 desiderium
549 3368 660 3450 plebis,
679 3369 716 3433 (13
731 3371 846 3433 colonia
861 3370 1033 3432 deducenda
1048 3370 1132 3434 Cales
1147 3377 1209 3432 ret·

208 3447 830 3533 1413131331ς13313333333313333333113,
847 3465 880 3517 ut
891 3455 949 3517 duo
961 3454 1042 3517 milia
1053 3454 1209 3535 quingenti

246 3533 381 3596 homines
396 3553 432 3598 eo
449 3536 666 3609 scriberentur,
683 3540 852 3602 triumviros
868 3538 1000 3601 coloniae
1015 3536 1208 3601 deducendae
