2575 4067
251 252 313 316 362
417 265 513 308 ulem
526 264 617 307 mu.
635 264 704 308 car.
720 252 763 306 il.
778 253 822 306 42.
839 241 880 325 [a.
894 266 925 306 u.
941 266 968 307 c.
984 245 1047 327 539]

212 424 242 475 ta
255 416 364 476 Locros
388 412 513 474 traleeit.
555 412 613 473 iam
637 411 707 473 iude
737 402 884 473 Bomilcar
908 410 944 472 ad
975 409 1161 475 Hannonem
1190 416 1225 478 lta
1277 405 1278 458 ἶ

252 496 384 559 Bruttios
397 495 548 576 proiectus
559 503 633 565 erat,
651 503 680 556 et
690 495 853 557 Locrenses
863 503 963 574 portas
977 495 1123 557 Romanis
1133 495 1224 560 clau·
1276 521 1278 562 r

251 588 365 643 serunt.
395 579 506 660 Appius
526 596 632 659 magno
654 586 762 640 conatu
786 577 867 640 nulla
888 597 922 639 re
942 588 1022 657 gesta
1044 579 1222 643 liessanam

253 683 286 726 re
308 665 370 727 etit.
1178 727 1185 732 .
1277 675 1278 734 J

212 756 243 809 tt
287 684 425 810 ¹'Eadem
440 754 549 808 aestate
561 744 717 807 Marcellus
733 744 770 807 ab
785 744 874 816 Nola,
889 763 977 825 quam
994 746 1145 825 praesidio
1163 748 1221 809 ob·

254 830 381 902 tiuebat,
399 829 519 892 crebras
536 831 729 891 excursiones
744 830 895 909 inagnum
909 829 1065 908 Hirpinum
1082 839 1113 891 et
1127 831 1220 893 Sam·

211 918 330 977 ttnites
354 912 499 977 Caudinos
524 912 609 983 iecit,
644 914 778 993 adeoque
803 914 901 974 omnia
926 913 1005 974 ierro
1037 922 1128 994 atque
1152 917 1219 993 igni

253 1000 387 1067 vastavit,
405 1005 438 1059 ut
452 999 638 1077 antiquarum
657 996 784 1058 cladium
796 995 917 1058 Samnio
932 998 1108 1058 memoriam
1124 1016 1218 1060 reno·

227 1092 240 1143 t
255 1091 345 1145 caret.
376 1081 462 1143 xiii.
487 1081 588 1161 ltaque
602 1079 750 1159 extemplo
765 1078 853 1158 legati
868 1080 905 1141 ad
920 1079 1115 1142 Hannibalem
1128 1083 1217 1143 missi

223 1165 338 1228 tsimul
353 1183 390 1227 ex
403 1173 526 1244 unaque
542 1173 629 1244 geute
644 1165 686 1225 ita
700 1164 832 1225 Poenum
846 1163 974 1225 adlocuti
988 1171 1071 1225 suut:
1088 1164 1217 1235 „hostes

252 1249 354 1331 popuii
373 1249 511 1319 Romani,
537 1246 695 1318 Hannibal,
721 1248 830 1309 tumus
848 1248 976 1327 primum
996 1265 1051 1327 per
1072 1250 1214 1330 nosipsi,

223 1332 347 1414 aquoad
358 1341 458 1394 nostra
470 1351 560 1410 arma,
576 1339 695 1393 nostrae
705 1332 782 1393 uires
792 1349 846 1393 uos
857 1333 947 1393 tutari
960 1338 1107 1411 poterant
1129 1344 1215 1412 post·

252 1435 340 1498 quam
357 1417 403 1478 bis
417 1434 523 1497 parum
537 1414 714 1486 fidebamus,
730 1415 844 1495 Pyrrho
860 1415 925 1494 regi
939 1433 993 1476 uos
1007 1414 1213 1486 adiunximus;

253 1518 270 1561 a
289 1519 347 1581 quo
358 1500 454 1562 relicti
465 1518 567 1582 pacem
582 1501 778 1562 necessariam
796 1500 979 1579 accepimus,
995 1499 1167 1579 fuimusque
1182 1502 1212 1562 in

253 1602 287 1645 ea
303 1603 357 1664 per
370 1602 463 1645 anuos
476 1601 570 1664 prope
587 1585 797 1664 quinquaginta
812 1583 893 1643 adid
911 1590 1040 1662 tempus,
1057 1601 1117 1662 quo
1131 1592 1167 1645 tu
1179 1586 1212 1645 in

223 1666 362 1729 titaliam
376 1670 489 1727 uenisti.
514 1675 564 1727 tua
576 1683 630 1728 nos
641 1685 702 1729 uon
717 1668 810 1746 magis
824 1668 917 1728 virtus
930 1667 1107 1746 fortunaque
1121 1686 1212 1747 quam
1277 1689 1278 1736 1

251 1751 338 1810 unica
364 1751 486 1811 comitas
511 1767 546 1810 ac
572 1748 739 1829 benignitas
762 1767 832 1829 erga
863 1752 940 1811 cives
972 1757 1103 1821 nostros,
1134 1769 1212 1829 quos
1277 1823 1278 1830 χ

251 1839 352 1911 captos
363 1830 450 1893 nobis
461 1834 609 1905 remisisti,
625 1835 665 1895 ita
680 1832 844 1896 conciliavit
859 1833 923 1903 tibi,
939 1840 972 1894 ut
983 1844 1012 1895 te
1026 1832 1106 1894 salvo
1121 1843 1211 1915 atque

251 1914 392 1977 incolumi
412 1917 506 1979 amico
528 1935 588 1979 non
610 1916 861 1997 modopopulum
888 1916 1067 1986 Romanum,
1091 1917 1145 1978 sed
1174 1936 1211 1979 ne

223 1998 323 2061 tdeos
342 1999 461 2080 quddam
482 2003 587 2072 iratos,
609 2003 634 2063 si
658 2002 701 2062 ias
722 2011 767 2061 est
782 2001 855 2070 dici,
879 2001 1060 2062 timeremus.
1090 2011 1120 2062 at
1139 2000 1210 2063 ber·
1276 2041 1277 2046 κ

252 2082 318 2145 culo
332 2101 392 2146 non
407 2084 501 2147 solum
511 2085 651 2146 ineolumi
667 2094 696 2146 et
707 2085 831 2154 victore,
847 2084 900 2145 sed
915 2092 1070 2163 praesente
1085 2095 1124 2154 te,
1141 2103 1209 2146 cum
1276 2127 1277 2174 p

251 2167 398 2248 ploratum
414 2187 508 2248 prope
523 2171 682 2247 coniugum
698 2187 733 2230 ac
750 2166 913 2229 liberorum
929 2175 1099 2230 nostrorum
1121 2186 1209 2230 exau·
1265 2177 1277 2240 ὦ

252 2252 316 2313 dire
331 2261 361 2313 et
371 2251 524 2330 flagrantia
535 2262 611 2314 tecta
621 2271 724 2332 posses
736 2252 916 2330 conspicere,
932 2252 974 2312 ita
985 2269 1085 2312 sumus
1096 2251 1209 2331 aliquo·

251 2337 328 2397 tiens
338 2336 395 2396 hac
406 2345 515 2397 aestate
531 2334 685 2406 devastati,
701 2345 733 2397 ut
747 2335 784 2400 tt
800 2334 970 2405 Marcellus,
986 2352 1046 2396 non
1061 2334 1209 2397 Hannibal

252 2419 358 2480 vicisse
371 2418 408 2480 ad
428 2420 542 2481 Cannas
557 2420 704 2491 videatur,
728 2418 950 2498 glorienturque
968 2417 1092 2480 Romani
1107 2426 1152 2490 te,
1172 2418 1207 2480 ad

251 2520 344 2564 unum
357 2504 546 2566 modoictum
563 2505 724 2582 vigentem,
738 2502 816 2564 velut
835 2501 936 2563 aculeo
955 2504 1061 2563 emisso
1076 2509 1207 2582 torpere.

225 2594 307 2664 oper
326 2605 419 2648 annos
435 2595 552 2650 centum
569 2606 636 2648 cum
659 2586 768 2668 populo
781 2586 914 2655 Romano
934 2584 1044 2647 bellum
1065 2588 1206 2666 gessimus

253 2666 333 2728 nullo
349 2679 472 2730 externo
488 2671 580 2731 adiuti
595 2687 651 2730 nec
665 2671 739 2732 duce
753 2688 808 2731 nec
825 2671 968 2740 exercitu,
991 2671 1048 2730 nisi
1061 2671 1139 2750 quod
1154 2687 1207 2749 per
1275 2739 1276 2744 ἵ

251 2747 404 2810 biennium
425 2752 555 2831 Pyrrhus
577 2762 680 2814 nostro
699 2754 792 2832 magis
818 2752 910 2814 milite
935 2771 1003 2814 suas
1025 2754 1107 2814 amit
1120 2755 1205 2822 uires,

222 2843 338 2915 aquam
353 2836 413 2896 suis
431 2835 540 2897 viribus
556 2853 611 2898 nos
632 2837 772 2899 detentu.
815 2855 875 2898 nou
890 2854 945 2916 ego
963 2836 1103 2899 secundis
1118 2836 1206 2898 rebus

252 2921 360 2981 nostris
375 2919 537 2999 gloriabor,
558 2920 630 2983 duos
645 2921 781 2984 consules
796 2939 830 2983 ac
844 2921 918 2983 duos
937 2920 1108 2983 consulares
1124 2938 1206 2982 exer·

253 3007 327 3065 citus
342 3004 378 3064 ab
396 3004 482 3065 nobis
497 3004 551 3066 sub
566 3007 668 3084 iugum
682 3009 802 3076 missos,
824 3013 853 3066 et
873 3007 898 3067 si
919 3023 976 3086 qua
991 3003 1047 3066 alia
1061 3013 1112 3067 aut
1131 3003 1205 3065 laeta

224 3096 302 3149 taut
313 3087 440 3167 gloriosa
454 3087 539 3150 uobis
546 3098 717 3150 evenerunt.
745 3107 819 3169 quae
831 3106 935 3168 aspera
946 3088 1127 3168 adversaque
1137 3095 1205 3149 tune

252 3172 435 3243 acciderunt,
452 3174 567 3233 minore
581 3171 784 3251 indignatione
799 3173 913 3235 referre
934 3190 1104 3252 possumus,
1120 3189 1204 3251 quam

223 3262 327 3335 tquae
347 3254 436 3317 bodie
457 3258 603 3319 eveniunt.
652 3258 751 3336 magni
779 3256 937 3319 dlutatores
965 3274 1033 3318 cum
1061 3256 1206 3335 magistris

252 3341 391 3418 equitum,
407 3339 469 3400 bini
483 3340 619 3402 consules
632 3360 699 3403 cum
715 3341 793 3402 binis
809 3339 1013 3416 eonsularibus
1030 3337 1206 3402 exercitibus

251 3422 492 3498 ingrediebantur
514 3426 580 3486 fluis
601 3432 732 3494 nostros;
759 3421 828 3487 aute
848 3422 999 3504 explorato
1019 3433 1048 3485 et
1069 3421 1207 3485 subsidiis
1274 3439 1275 3470 i

211 3508 243 3559 tu
251 3505 354 3580 positis
369 3512 398 3564 et
412 3507 466 3566 sub
483 3510 574 3585 signis
588 3508 625 3568 ad
644 3508 844 3588 populandum
859 3506 1022 3569 ducebant:
1044 3524 1125 3568 nunc
1139 3523 1207 3588 pro·
