2575 4067
273 231 367 274 omna
381 231 436 274 vu.
452 231 519 275 ose.
538 222 563 276 t,
574 221 601 275 o.
622 212 662 295 [e.
678 216 713 277 0.
728 220 787 275 363.
802 213 863 297 aot]
1031 224 1050 282 a

7 395 9 414 '
87 378 207 442 vincula
227 378 338 449 ductis,
361 380 453 440 invisa
473 387 551 450 erat,
573 388 603 440 et
617 388 685 441 ante
701 382 799 442 omnia
811 382 937 444 invisum
955 382 1083 462 ipsumt

85 465 244 543 ingenium
258 471 343 525 auor
358 480 580 544 cognomenque
594 462 748 543 Imperiosi
774 482 862 543 grave
879 464 991 527 liberae
1011 466 1050 526 oi·

87 549 173 610 vitati
190 546 226 608 ab
242 548 438 608 ostentatione
457 548 592 608 saevitiae
606 546 763 619 adscitum,
779 567 867 629 quam
882 567 942 611 non
957 550 1052 628 magis

86 634 121 693 in
136 630 241 693 alienls
257 649 345 712 quam
364 630 396 691 ln
409 632 552 709 proximis
572 648 606 692 ao
621 632 764 709 sanguine
781 632 845 711 ipse
860 652 913 694 suo
931 650 1050 694 exerce·

87 723 148 777 ret
186 715 361 793 criminique
384 715 412 775 ei
431 713 568 776 tribunus
585 715 666 775 inter
686 722 786 776 cetera
803 715 905 785 dabat,
924 715 1003 796 quod
1018 717 1082 776 Μ

89 798 164 860 lium
177 800 328 868 iuvenem,
346 795 454 859 nulllus
473 798 576 878 probri
592 806 780 878 conpertum,
805 807 954 861 extorrem
968 798 1050 870 urbe,

88 883 191 954 domo,
208 881 377 961 penatibus,
395 881 477 952 loro,
496 880 578 953 luce,
594 899 755 957 congressu
771 881 935 945 aeouailum
950 882 1051 963 probi·

88 965 202 1037 bitum,
217 967 248 1025 in
263 982 339 1044 opus
357 963 476 1036 servile,
494 982 588 1045 prope
601 966 633 1026 in
648 983 799 1028 carcerem
820 975 908 1046 atque
921 967 952 1027 in
967 982 1052 1045 erga·

89 1049 202 1110 stulum
218 1048 345 1120 dederit,
367 1046 419 1110 ubi
432 1065 546 1110 summo
562 1048 628 1111 loco
648 1057 733 1111 natm
749 1048 920 1112 dictatorius
940 1050 1083 1111 iuveniso

90 1132 240 1195 cotidiana
254 1133 373 1194 miseria
395 1131 522 1193 disceret
537 1150 605 1195 vere
623 1132 784 1213 imperioso
800 1141 885 1212 patre
899 1152 932 1195 se
951 1140 1051 1194 natum

34 1275 37 1278 ,
89 1233 167 1277 esee.
207 1222 238 1277 at
251 1233 339 1296 quam
356 1215 394 1277 ob
410 1216 534 1277 noxaml
556 1217 624 1296 qula
642 1215 831 1278 infacundior
849 1218 888 1278 sit
903 1224 934 1279 et
951 1215 1051 1294 lingua

87 1301 286 1380 inpromptus.
329 1298 408 1378 quod
427 1307 549 1360 naturae
576 1299 716 1361 damnum
739 1308 838 1362 utrum
863 1300 1083 1363 nutriendnmt

87 1384 177 1464 patri,
193 1384 219 1443 si
234 1382 390 1462 quicquam
404 1383 436 1443 in
451 1401 487 1444 ao
500 1381 623 1446 humani
640 1392 732 1454 esset,
747 1401 785 1445 an
800 1384 1002 1464 castigandum
1018 1400 1052 1443 ao

87 1468 245 1528 vexatione
259 1467 375 1545 insigne
391 1465 558 1529 iaciendum
573 1468 683 1529 inisset
703 1485 742 1528 ne
756 1476 852 1529 mutas
864 1468 984 1549 quidem
999 1466 1051 1527 be·

87 1552 162 1613 stias
173 1551 271 1611 minus
282 1548 362 1611 alere
375 1567 411 1610 ao
425 1549 535 1623 iorere,
550 1553 576 1612 si
589 1549 659 1631 qrrid
672 1569 709 1612 ex
723 1553 866 1631 progenie
879 1570 932 1614 sua
947 1568 1052 1632 parum

87 1651 266 1716 prosperum
283 1634 333 1695 sit:
352 1640 382 1693 at
394 1632 516 1694 hercule
527 1634 560 1695 L.
572 1633 712 1696 llanlium
726 1633 836 1696 maium
851 1634 929 1699 malo
943 1646 1077 1713 augeret

89 1717 142 1780 lilii
160 1726 190 1779 et
210 1716 377 1779 tarditatem
397 1718 508 1796 ingenii
527 1718 649 1798 insuper
663 1736 801 1798 premere
820 1726 863 1790 et,
885 1720 910 1779 si
931 1717 1000 1799 quaid
1020 1719 1051 1779 in

88 1820 126 1864 eo
143 1803 282 1881 exiguum
296 1799 439 1862 naturalis
452 1802 560 1879 vigoris
575 1803 626 1873 sit,
643 1800 674 1863 id
690 1803 876 1882 exstinguere
889 1804 947 1863 vita
966 1819 1051 1880 agre·

89 1888 129 1948 sti
144 1892 175 1946 et
193 1886 304 1947 rmtioo
321 1882 403 1945 cultu
420 1885 499 1946 inter
519 1884 648 1963 pecudes
667 1885 814 1948 babendo.
857 1886 890 1947 V.
914 1885 1072 1948 Omnium!

89 1971 190 2050 potius
209 1969 255 2029 bis
280 1967 532 2030 criminationibus
554 1988 642 2048 quam
667 1971 759 2051 ipsius
782 1971 896 2032 iuvenis
916 1970 1052 2031 minuas

87 2065 135 2117 est
157 2059 283 2117 animus:
306 2057 378 2135 quin
392 2064 495 2118 contra
516 2075 549 2118 se
563 2074 682 2136 quoqne
702 2058 818 2135 parenti
840 2076 959 2119 causam
979 2059 1080 2118 Invi-t

86 2140 155 2201 diae
177 2147 264 2216 atque
280 2140 436 2201 criminum
452 2158 518 2202 esse
533 2156 620 2217 aegre
634 2158 748 2219 passus,
772 2150 805 2202 ut
820 2160 922 2202 omnes
937 2141 977 2201 dii
997 2141 1052 2201 ho·

86 2225 246 2300 minesqne
267 2224 393 2294 scirent,
416 2241 449 2284 se
464 2224 582 2303 parenti
603 2240 689 2301 opem
706 2221 794 2283 latam
817 2241 904 2301 quam
925 2224 1054 2282 inimicis

88 2308 156 2368 elus
177 2305 279 2375 malle,
303 2309 383 2386 capit
402 2306 559 2368 consilium
579 2305 662 2367 rudis
677 2304 799 2382 quidem
820 2312 907 2383 atque
930 2306 1054 2381 agrestis

87 2391 182 2451 animi
194 2398 224 2451 et
235 2406 410 2468 quanquam
422 2407 482 2451 non
497 2388 589 2451 civilis
603 2387 740 2468 exempli,
757 2394 854 2450 tamen
867 2389 979 2468 pietate
990 2385 1052 2447 iau·

88 2471 198 2533 dabile.
221 2472 415 2534 inscientibus
435 2474 548 2535 cunctis
562 2471 659 2535 cultro
673 2473 841 2533 succinctus
857 2488 944 2533 mane
958 2472 989 2531 ln
1004 2476 1080 2532 ιιι-3

89 2556 159 2616 bem
182 2564 271 2636 atque
292 2575 309 2616 a
331 2564 418 2635 ports
439 2556 560 2617 domum
574 2556 730 2618 confestim
753 2554 789 2617 ad
803 2556 841 2617 bi.
858 2555 1053 2636 Pomponium

88 2638 242 2701 tribunum
257 2641 369 2719 pergit:
391 2640 509 2702 ianitori
524 2658 597 2719 opus
612 2658 677 2700 esse
698 2638 756 2700 sibl
770 2637 890 2700 domino
905 2640 968 2699 eius
983 2656 1053 2699 con·

88 2730 178 2783 vento
200 2722 347 2802 extempio
368 2724 423 2784 alt:
448 2723 611 2792 nuntiaret,
633 2722 734 2784 'litum
755 2722 896 2784 Manlium
911 2722 943 2782 L.
961 2721 1054 2784 tilium

90 2823 165 2867 esse.
198 2824 267 2866 mor
280 2806 467 2867 introductus
486 2840 521 2851 -
538 2807 647 2867 etenim
662 2807 809 2885 percitum
829 2807 873 2867 ira
894 2806 925 2865 in
940 2813 1081 2883 patremt

89 2906 159 2967 spes
182 2898 245 2949 erat
266 2899 317 2950 aut
339 2889 472 2950 criminis
494 2889 604 2967 aliquid
626 2892 695 2950 novi
723 2897 772 2950 aut
794 2887 909 2950 consilii
932 2888 968 2949 ad
990 2907 1054 2947 rem

90 2971 235 3050 agendam
257 2972 374 3033 deleme
395 3005 438 3017 -
460 2972 553 3034 salute
582 2981 701 3053 accepta
722 2969 902 3047 redditaque.
918 2988 982 3031 esse
1004 2974 1053 3038 ait,

91 3072 257 3133 quaecum
279 3074 315 3116 eo
338 3074 426 3134 agere
455 3056 575 3117 arbitris
602 3057 724 3117 remotis
745 3053 822 3115 velit.
861 3051 965 3133 procul
986 3052 1082 3113 indeo

91 3138 228 3200 omnibus
243 3139 326 3200 abire
335 3142 424 3201 iussis
435 3139 564 3201 cultrum
575 3142 694 3218 stringit
704 3148 734 3199 et
745 3156 834 3218 super
848 3136 957 3197 lectum
973 3144 1054 3197 stans

91 3224 170 3283 terro
184 3225 311 3294 intento,
334 3224 393 3284 nisi
406 3223 436 3283 in
452 3241 526 3302 quae
546 3225 611 3301 ipse
627 3224 809 3301 concepisset
829 3219 918 3280 verba
931 3221 1051 3288 iuraret,

90 3323 123 3365 se
138 3308 231 3384 patris
247 3308 310 3368 elus
325 3306 481 3367 accusandi
501 3325 589 3367 causa
604 3305 760 3367 concilium
780 3303 874 3384 plebis
894 3321 1054 3381 numquam

92 3387 272 3459 habiturum,
288 3408 320 3451 se
336 3408 402 3451 eum
420 3389 567 3469 extemplo
581 3391 791 3450 transfixurum
805 3388 943 3448 minatur.
976 3388 1083 3466 pavi-o

92 3471 145 3532 dus
160 3472 315 3541 tribunus,
339 3475 446 3553 quippe
469 3468 517 3553 qui
538 3473 651 3534 ierrum
673 3480 741 3532 ante
758 3470 859 3532 oculos
873 3472 999 3539 micare,
1023 3487 1055 3531 se
