2575 4067
253 167 348 209 nmrc
362 166 429 211 vm.
449 165 518 210 oar.
533 153 578 207 20.
591 154 635 207 21.
650 156 694 211 22.
711 147 751 231 [o.
769 150 804 213 Ο.
817 149 958 234 teo-328]
1045 159 1084 220 ¹11

117 324 219 378 ratus:
241 315 410 395 ‚,qu0niam
431 321 567 376 auctores
592 314 791 377 delectionls“
817 319 912 399 inquit
936 320 1125 392 „meritasti

116 416 235 481 poenes
250 407 280 460 et
301 397 338 460 ab
354 398 410 459 diis
431 396 636 461 inmortalibus
659 408 718 461 eta
737 400 820 462 robis
838 402 962 471 babent,
985 410 1085 483 potres

116 484 299 562 conscripti,
315 481 385 562 quid
401 480 498 563 placet
512 481 549 543 de
564 483 683 544 innoxia
697 482 884 546 multitudine
901 487 985 548 tierii
1002 489 1126 568 epol-12

116 568 205 638 dem,
221 567 276 629 etsi
291 584 374 628 meae
385 572 485 647 partes
501 567 701 646 exquirendae
712 569 807 645 magis
817 572 980 632 sententiae
996 590 1083 651 quam

5 717 7 726 ,
114 651 237 714 dundee
253 658 330 722 suut,
346 659 454 721 umen,
473 668 540 711 cum
552 650 665 712 rideam
680 650 866 713 Privernates
879 655 990 715 vicinos
1001 655 1084 716 Sarn-

115 735 234 798 nitibus
251 752 331 806 esse,
346 732 425 795 unde
440 751 520 795 nunc
534 733 619 795 nobis
636 735 832 799 incertissima
849 754 906 817 pax
922 746 980 809 est,
996 756 1084 817 wem

115 821 279 882 minimum
308 820 421 880 irarum
452 819 531 880 inter
561 836 616 881 nos
650 817 774 900 illosque
806 820 934 901 relinqui
964 821 1084 884 velim.“

115 904 198 966 xxl.
228 904 303 966 Cum
317 904 449 983 ipseper
462 919 528 964 sese
541 920 590 963 res
605 920 714 984 anceps
730 912 822 976 esset,
839 912 929 985 prout
944 907 1085 987 cuiusque
1098 915 1111 968 i

115 989 275 1067 ingenium
292 996 355 1047 erat
375 986 503 1048 atrocius
521 987 657 1047 mitiusve
675 987 880 1060 suadentibus,
902 997 964 1051 tum
986 991 1084 1051 incer·

115 1073 199 1133 tiora
210 1072 309 1132 omnIa
320 1088 396 1131 uuus
408 1087 445 1130 ex
459 1068 679 1132 Privernatibus
693 1070 797 1151 legatis
808 1071 890 1144 iecit,
908 1075 1001 1153 magis
1013 1091 1084 1135 con·

116 1156 263 1224 dicionis,
279 1155 310 1215 in
326 1173 382 1233 qua
397 1160 482 1216 uatus
498 1161 590 1222 esset,
614 1173 702 1233 quam
721 1157 887 1235 praesentis
902 1158 1084 1219 necessitatis

116 1257 253 1308 memor,
282 1240 333 1317 qui
357 1238 557 1317 interrogatus
578 1255 594 1298 a
615 1237 743 1317 quodam
761 1240 900 1300 tristioris
921 1243 1112 1304 seutentiaec

116 1330 252 1392 auctore,
265 1339 353 1402 quam
364 1339 490 1401 poenam
501 1322 624 1382 meritos
630 1321 817 1384 Privernates
828 1332 965 1386 censeret
977 1333 1083 1396 „eant“

5 1407 6 1432 ³
116 1408 231 1487 inquit,
250 1424 362 1486 „quam
374 1413 541 1474 merentur,
560 1407 610 1485 qui
624 1424 656 1468 se
668 1405 802 1470 libertate
813 1406 918 1487 dignos
930 1416 1083 1471 censeut“

116 1494 206 1553 cuius
222 1508 290 1551 cum
311 1489 404 1551 feroci
425 1507 568 1569 responso
588 1489 756 1553 infestiores
777 1490 871 1553 iactos
884 1493 997 1555 videret
1013 1502 1111 1555 con-t

5 1601 6 1606 ¹
118 1574 166 1636 sul
185 1593 252 1645 eos,
278 1574 414 1654 quiante
435 1573 650 1635 Privernatium
672 1592 791 1637 causam
811 1577 1028 1657 inpugnabant,
1051 1585 1084 1639 ut

117 1660 186 1740 ipse
205 1657 333 1737 benigne
359 1658 592 1737 interrogatione
616 1659 717 1722 mitius
744 1677 920 1740 responsum
947 1662 1082 1725 eliceret:

119 1790 137 1816 „
146 1741 228 1823 quid,
244 1742 270 1802 si
285 1759 413 1823 poenam
420 1750 438 1775 ‘⁴
453 1742 549 1822 inquit
564 1743 768 1813 „remittimus
781 1743 881 1817 vobis,
896 1746 1013 1826 qualem
1029 1764 1084 1807 nos
1099 1756 1115 1805 l

5 1897 7 1900 ⁸
118 1844 227 1908 pacem
242 1825 392 1887 vobiscum
406 1825 558 1888 babituros
570 1828 771 1906 speremusi“
785 1829 831 1899 „si
845 1828 954 1891 bouem
966 1830 1083 1891 dederi·

118 1913 186 1973 tis“
202 1912 310 1990 inquit,
328 1957 347 1982 „
357 1917 388 1971 et
400 1909 488 1971 fldem
504 1917 534 1972 et
544 1917 733 1991 perpetuam:
746 1913 772 1973 si
785 1911 907 1984 malam,
923 1912 1002 1975 haud
1019 1913 1083 1974 diu·

120 2002 273 2058 trunam.“
302 2003 365 2056 tum
379 2012 448 2055 vero
463 1995 586 2063 minari,
603 2013 659 2055 nec
672 1995 701 2056 id
713 1994 864 2075 ambigue,
881 1997 1085 2060 Privernatem
1098 2005 1115 2055 b

118 2078 256 2161 quidem,
285 2087 315 2141 et
333 2077 391 2140 illis
410 2076 531 2139 vocibus
551 2077 588 2137 ad
602 2077 808 2139 rebellandum
829 2080 948 2141 incitari
965 2088 1084 2161 pacatos

119 2161 263 2245 populos3
278 2182 348 2243 pare
361 2163 461 2223 mitior
477 2168 597 2222 senatus
612 2160 650 2222 ad
667 2159 790 2221 meliora
805 2180 948 2241 respousa
964 2163 1116 2224 traheret

119 2255 153 2309 et
175 2248 275 2309 dicere
296 2248 350 2309 riri
379 2253 408 2308 et
428 2244 515 2306 liberi
536 2262 639 2305 vocem
662 2242 806 2305 auditam:
835 2262 873 2305 an
895 2244 977 2306 credi
997 2263 1084 2325 posse

119 2330 215 2393 ullum
239 2330 381 2412 populum
401 2337 452 2392 aut
471 2329 623 2390 hominem
646 2327 773 2408 denique
796 2329 827 2388 in
842 2346 876 2390 ea
897 2327 1082 2401 condicione,

119 2417 206 2477 cuius
227 2433 295 2476 eum
314 2416 476 2495 paeniteat,
499 2413 622 2482 diutius,
647 2431 736 2492 quam
750 2430 872 2474 necesse
887 2412 938 2484 sit,
964 2430 1083 2475 mausu-

118 2499 208 2562 rumi
234 2498 276 2559 ibi
301 2516 405 2579 pacem
434 2516 499 2559 esse
521 2496 624 2571 fidam,
651 2495 701 2558 ubi
723 2496 880 2559 voluntarii
901 2499 997 2578 pacati
1015 2498 1114 2568 sinti

118 2601 218 2664 neque
233 2601 268 2644 eo
284 2581 359 2654 loco,
372 2581 424 2643 ubl
437 2584 607 2644 seruitutem
620 2600 685 2644 esse
698 2582 795 2654 velint,
808 2578 896 2644 iidem
907 2581 1083 2663 sperandam

119 2686 197 2730 esse.
237 2668 269 2727 in
287 2666 365 2727 hanc
385 2669 560 2728 sententiam
584 2668 712 2729 maxime
730 2666 833 2729 consul
854 2670 917 2749 ipse
932 2668 1115 2730 inclinavlte

120 2753 237 2813 animos
257 2750 419 2812 identidem
434 2750 471 2811 ad
492 2751 642 2831 principes
668 2753 880 2813 sententiarum
903 2752 1082 2823 consulares,

121 2838 165 2897 uti
187 2835 320 2897 exaudiri
340 2842 441 2914 posset
458 2833 637 2915 apluribus,
662 2833 787 2897 dicendo
803 2853 854 2896 eos
876 2834 1010 2906 demum,
1033 2837 1115 2915 quie

123 2920 196 2981 nihil
213 2927 422 3000 praeterquam
439 2917 476 2979 de
491 2918 627 2979 libertate
642 2920 787 2994 cogitent,
812 2918 917 2996 dignos
933 2936 1013 2987 esse,
1034 2919 1083 2997 qui

121 3003 247 3065 liomanl
264 3005 343 3063 liant.
372 3004 470 3082 itaque
491 3011 522 3064 et
542 3004 574 3064 in
593 3009 699 3063 senatu
713 3019 830 3063 causam
855 3001 1011 3062 obtinuere
1029 3047 1037 3071 ,
1053 3009 1082 3062 et
1093 3009 1125 3060 ιο

121 3107 159 3149 ex
175 3088 348 3149 auctoritate
364 3094 481 3165 patrum
495 3086 586 3149 latum
601 3086 636 3147 ad
649 3085 791 3168 populum
806 3092 864 3157 est,
880 3092 914 3146 ut
928 3085 1081 3145 Priverna-

120 3171 199 3232 tibus
214 3174 315 3232 civitas
326 3169 455 3233 daretur.
488 3170 592 3233 eodem
603 3188 681 3231 auno
695 3171 797 3232 Anxur
809 3170 936 3230 trecenti
955 3169 987 3229 iu
1001 3167 1123 3229 colo-11

121 3258 203 3317 niam
223 3256 307 3317 missi
325 3264 409 3324 sunt;
426 3253 495 3315 bina
510 3256 612 3332 iugera
629 3256 693 3331 agri
711 3260 899 3332 acceperunt.

185 3338 274 3400 xxii.
303 3341 428 3401 Secutus
440 3347 484 3400 est
496 3355 590 3400 annus
604 3335 685 3400 nulla
696 3355 729 3397 re
740 3336 811 3397 belli
823 3336 938 3398 domive
949 3337 1081 3417 insignis,
1099 3346 1112 3398 i

121 3424 155 3486 P.
171 3422 285 3485 Plautio
301 3423 426 3485 Proculo
447 3424 479 3485 P.
498 3418 634 3482 Cornelio
646 3420 771 3499 Scapula
789 3420 972 3494 consulibus,
994 3441 1080 3502 pree·
1096 3430 1113 3479 2
