2575 4067
241 259 263 327 8
406 274 499 315 orons
513 273 568 315 vu.
584 271 654 314 cnr.
670 262 694 310 7.
710 257 736 311 8.
752 252 791 334 [a.
807 275 838 315 u.
855 275 881 314 c.
897 260 957 312 392,
971 252 1033 333 393]

242 429 322 499 gent.
355 437 447 494 omne
455 418 615 481 llernlcum
628 436 752 490 nomen,
769 421 865 481 omnis
878 418 1013 479 militaris
1028 428 1108 480 aetas
1122 422 1196 482 excl-

241 511 306 574 tur;
328 503 590 583 quadringenariae
607 511 675 564 octo
689 502 834 575 cohortes,
849 502 925 564 lecta
939 501 1048 563 robora
1060 504 1199 574 virorum,

210 587 420 649 escribuntur.
465 587 545 647 hunc
570 588 710 650 eximium
735 585 840 647 llorem
865 588 1023 647 iuventutis
1047 604 1083 647 eo
1103 589 1200 656 etiam.

241 672 334 751 quod,
350 677 383 732 nt
396 670 504 751 duplex
519 672 689 751 acciperent
702 670 895 751 stipendium,
912 669 1117 741 decreverant,
1138 674 1201 749 spei

241 757 465 834 animorumque
479 753 638 833 inplevere.
666 755 805 816 inmunes
819 772 936 833 queque
951 770 1075 833 operum
1095 753 1200 815 milita·

240 840 317 901 rium
333 846 426 909 erant,
439 846 472 898 ut
485 839 516 898 io
528 855 621 899 unum
635 855 752 916 pugnae
766 837 898 898 lahorem
911 839 1053 898 reservati
1068 837 1134 915 plus
1145 836 1203 899 sibi

209 930 327 1001 dquam
343 940 399 1001 prq
413 922 491 982 virili
505 929 590 1001 perte
605 919 797 982 adnitendum
816 923 934 987 scirent
969 928 1051 982 extra
1066 920 1201 982 ordinem
1287 932 1288 981 ἕ

240 1007 328 1066 etlam
343 1007 375 1066 in
389 1006 452 1067 acie
466 1004 562 1075 locati
580 1022 639 1083 quo
654 1006 840 1082 conspectior
855 1007 947 1066 virtus
962 1012 1048 1067 esset.
1287 996 1288 1009 ¹

302 1089 398 1151 Duum
413 1088 526 1150 milium
542 1086 679 1167 plauitIes
696 1094 791 1149 castra
807 1090 939 1151 Romana
954 1089 990 1151 ab
1005 1088 1141 1150 Hernicis
1157 1087 1201 1148 dl·

239 1172 383 1244 rlmehat3
405 1172 448 1234 lhi
463 1173 528 1252 pari
544 1170 640 1233 ferme
653 1173 803 1251 utrimque
819 1174 913 1252 spatio
929 1174 960 1233 in
974 1172 1072 1233 medio
1086 1188 1201 1250 pugna·

208 1263 224 1312 t
240 1264 302 1318 tum
313 1263 367 1318 est.
392 1258 489 1337 primo
500 1258 581 1318 stetit
595 1253 733 1334 ambigua
746 1272 799 1335 spe
810 1274 909 1337 pugna
925 1257 1103 1335 nequiquam
1113 1273 1202 1335 saepe

239 1341 352 1402 conatis
367 1340 514 1420 equltlhus
527 1340 668 1401 Romanis
687 1341 799 1418 impetu
812 1340 934 1401 turbare
954 1340 1082 1401 hostium
1097 1339 1201 1400 aciem.

208 1431 395 1505 epostquam
418 1424 564 1503 equestris
577 1439 677 1502 pugna
699 1423 805 1484 effectu
820 1442 909 1503 quam
927 1423 1080 1484 conadbus
1098 1423 1201 1483 vanior

239 1515 312 1578 erat,
328 1506 461 1567 consulto
476 1507 558 1586 prius
570 1507 714 1567 dictatore
729 1508 841 1587 equites
855 1509 1002 1587 permissu
1016 1506 1122 1568 deinde
1138 1507 1202 1566 eius

238 1588 351 1652 relictis
372 1592 455 1670 equis
472 1590 601 1651 clamore
615 1591 728 1669 ingenti
742 1589 898 1671 provolant
916 1598 985 1652 ante
1002 1591 1086 1669 signa
1100 1597 1131 1650 et
1146 1607 1201 1650 no·

207 1682 224 1732 a
240 1690 304 1734 vam
319 1675 469 1752 Integrant
485 1691 624 1753 pugnam.
661 1691 758 1753 neque
778 1676 917 1736 sustiueri
931 1681 1082 1754 poterant,
1103 1674 1134 1733 ni
1150 1691 1202 1733 ex·

239 1757 452 1818 traordinariae
474 1758 610 1819 cohortes
633 1760 700 1836 pari
721 1775 880 1836 corporum
902 1759 1126 1836 animorumque
1151 1775 1200 1816 ro·

208 1838 312 1901 thore
332 1860 364 1902 se
382 1841 569 1903 obiecIssent.
612 1841 685 1901 VIII.
706 1842 791 1901 Iunc
808 1843 887 1901 inter
907 1841 1054 1920 primores
1074 1840 1201 1902 duorum

238 1923 416 2004 populorum
437 1943 488 1986 res
503 1925 625 2003 geritur.
656 1923 798 2003 quidquid
816 1925 887 1984 hinc
904 1930 954 1983 aut
972 1922 1055 1984 illmc
1069 1943 1201 1985 commu·

239 2009 285 2069 nis
295 2007 373 2069 hlars
387 2007 457 2069 belli
469 2008 572 2079 aufert,
584 2006 738 2086 multiplex
750 2025 838 2088 quam
852 2026 907 2087 pro
922 2023 1047 2070 numero
1061 2007 1201 2070 damnum

238 2099 291 2154 est.
329 2090 433 2170 vulgus
454 2091 533 2153 aliud
555 2098 751 2160 armatorum,
775 2091 852 2152 velut
866 2089 998 2168 delegata
1019 2090 1201 2169 primoribus

237 2193 346 2255 pugna,
362 2182 499 2237 eventum
512 2192 601 2238 suum
615 2176 647 2236 in
656 2177 766 2238 virtute
781 2175 875 2236 aliena
884 2176 977 2254 ponit.
1001 2173 1085 2234 multi
1096 2174 1201 2234 utrim-

209 2269 295 2338 nque
307 2259 425 2330 cadunt,
443 2259 545 2339 plures
553 2258 677 2320 vulnera
692 2260 855 2338 accipiunt;
869 2257 989 2317 tandem
1003 2256 1117 2333 equites
1127 2257 1203 2317 alius

238 2343 327 2405 alium
341 2346 540 2422 Increpantes,
556 2343 625 2421 quid
641 2340 747 2403 deinde
761 2346 894 2408 restaret,
912 2339 1091 2416 quaerendo,
1107 2340 1133 2399 si
1148 2357 1202 2399 ne·

238 2445 295 2505 que
311 2444 347 2486 ex
363 2428 445 2502 equis
459 2424 644 2504 pepulissent
659 2425 775 2484 hostem
790 2440 886 2502 neque
907 2421 1022 2501 pedites
1044 2422 1201 2499 quicquam

236 2511 379 2570 momenti
400 2507 554 2568 Iacerent?
576 2524 664 2585 pam
687 2507 805 2567 tertiam
827 2512 1032 2584 exspectarent
1051 2506 1203 2584 pugnami

239 2590 308 2670 quId
323 2597 392 2651 ante
413 2590 497 2667 signa
517 2589 634 2650 feroces
655 2588 862 2669 prosiluIssent
875 2596 905 2649 et
918 2588 1014 2650 alieno
1036 2595 1217 2668 pugnarent.

210 2675 320 2735 elocot
341 2674 390 2733 his
404 2674 482 2733 inter
497 2691 530 2734 se
543 2672 664 2734 vocibus
677 2675 816 2735 concitati
828 2673 957 2734 clamore
969 2679 1110 2734 renovato
1124 2671 1203 2733 inle-

239 2763 308 2819 runt
321 2755 444 2836 pedem;
468 2764 498 2817 et
516 2757 645 2834 primum
661 2758 756 2835 gradu
770 2764 926 2818 moverunt
945 2756 1074 2826 hostem,
1095 2754 1203 2816 deinde

213 2840 433 2921 spepulerunt,
455 2848 605 2919 postremo
627 2843 687 2902 iam
708 2840 787 2901 haud
809 2840 898 2901 duhie
920 2846 1068 2907 avertunt:
1094 2856 1201 2917 neque.

238 2934 298 2985 tam
313 2925 391 2984 vires
405 2940 493 3002 pares
508 2940 583 3000 quae
598 2924 782 3004 superaverit
796 2943 860 2994 res,
875 2922 962 2984 facile
977 2922 1057 2982 dIctu
1069 2930 1128 2991 est,
1144 2922 1203 2983 nisi

238 3008 315 3089 quod
338 3015 481 3088 perpetua
502 3009 621 3069 lortuna
642 3010 797 3086 utriusque
811 3006 914 3088 populi
929 3012 960 3066 et
976 3004 1117 3066 extollere
1140 3007 1204 3065 aui-

210 3099 302 3153 omos
324 3101 354 3151 et
374 3093 510 3151 minuere
530 3092 635 3169 potuit.
665 3110 760 3170 usque
775 3090 811 3151 ad
828 3100 923 3152 castra
937 3090 1083 3169 fugientes
1098 3089 1204 3149 Herni-

239 3194 289 3237 cos
305 3174 455 3235 Romanus
470 3175 620 3252 sequitur;
643 3183 808 3236 castrorum
822 3176 1049 3255 oppugnatione,
1073 3172 1141 3250 quia
1154 3190 1202 3232 se·

237 3277 305 3322 rum
319 3265 383 3320 erat
396 3257 463 3328 dlei,
479 3257 660 3319 abstinuere.
691 3258 741 3319 diu
755 3276 816 3319 non
828 3257 998 3337 perlitatum
1009 3263 1145 3319 tenuerat
1159 3255 1204 3316 di·

239 3348 397 3411 ctatorem,
420 3358 458 3402 ne
480 3350 547 3402 ante
569 3342 722 3402 meridiem
745 3343 861 3419 signum
884 3340 954 3400 dare
976 3348 1089 3419 posset:
1114 3357 1149 3402 eo
1172 3340 1203 3399 in

211 3430 356 3485 dnoctem
378 3432 504 3485 tractum
527 3432 591 3486 erat
612 3433 772 3485 certamen.
802 3431 922 3504 postero
938 3423 985 3483 die
1000 3422 1120 3484 deserta
1133 3423 1203 3501 luga

239 3515 333 3572 castra
344 3507 538 3568 Hernicorum
557 3516 586 3567 et
597 3513 690 3569 saucii
703 3507 802 3569 relicti
814 3507 933 3587 quidam
945 3507 1064 3573 inventi,
1083 3522 1202 3584 agmen·
