2575 4067
289 219 383 261 nmcn
393 219 470 263 1111.
486 217 554 262 cnr.
571 205 599 261 9.
613 205 657 260 10.
670 197 710 279 [α.
724 200 760 263 (i.
775 198 838 280 21⁷]
980 203 1043 265 269

84 385 175 447 quom
199 367 363 429 temeritate
389 372 475 446 atque
502 366 616 426 inscitia
636 372 790 445 peccatum
810 384 827 426 a
848 365 880 429 G.
900 365 1043 427 Flaminio

85 450 207 514 consule
218 467 296 522 esse,
313 466 445 530 quaeque
459 447 573 529 piacula
589 450 652 510 irae
666 448 754 511 deum
768 456 867 511 essent
880 450 959 528 ipsos
972 448 1043 511 deos

86 533 283 597 consulendos
292 549 373 604 osse,
385 534 522 611 pervicit,
534 539 581 603 ut,
596 531 675 612 quod
688 550 749 593 non
759 531 853 594 ienne
866 531 1044 604 decernitur,
1055 538 1072 591 t

86 620 144 681 nisi
160 635 227 679 cum
247 624 342 679 taetra
362 615 496 695 prodigia
516 617 649 678 nunfiata
667 623 751 687 aunt,
772 615 930 678 decemviri
951 614 1043 678 libros

86 700 244 780 Sibyllinos
267 700 349 763 adire
366 698 549 762 iuberentur.
578 700 629 780 qui
643 700 783 780 inspectis
802 698 938 762 tatalibus
960 698 1043 760 libris

84 783 265 848 rettulerunt
283 783 431 864 patribus,
453 783 531 864 quod
554 784 617 845 eius
636 782 708 845 belli
730 801 818 846 causa
837 790 938 845 votum
958 782 1072 844 llertit

85 870 180 939 loret,
196 868 228 928 ld
243 885 304 930 non
319 869 376 928 rite
392 867 501 929 iactum
513 866 549 928 dc
562 868 679 946 integro
694 874 782 945 atque
793 865 917 948 amplius
932 865 1044 928 iaciun-

86 952 157 1014 dum
172 969 252 1022 esse,
277 959 307 1012 et
322 951 383 1012 lori
398 949 483 1013 ludos
498 968 621 1031 magnos
636 958 666 1012 at
680 951 768 1013 aedes
777 950 886 1013 Veneri
896 950 1041 1012 Erucinae
1053 956 1084 1009 lo

86 1053 121 1098 ae
135 1035 226 1097 Menti
241 1033 386 1097 vovendas
400 1052 480 1105 csso,
503 1043 533 1098 et
553 1033 795 1116 supplicationem
818 1033 1044 1096 lectisternium·

87 1136 144 1199 que
159 1117 342 1190 babendum,
361 1125 391 1180 et
401 1135 452 1180 rer
461 1137 579 1181 sacmm
589 1118 768 1190 rorendaun,
785 1120 810 1181 si
824 1118 964 1180 hebetum
975 1135 1043 1198 pro·

86 1217 174 1281 spero
199 1209 277 1263 esset
299 1216 406 1281 resque
431 1201 548 1281 publiea
572 1204 605 1264 in
629 1202 734 1264 eodem
759 1221 817 1283 quo
841 1208 909 1264 ante
933 1199 1045 1262 bellum

87 1285 203 1355 luisset,
228 1291 306 1347 statu
329 1287 550 1364 permansisset.
596 1295 730 1355 senatus,
757 1287 897 1366 quoniam
920 1284 1083 1346 Fabinmil

85 1367 156 1429 belli
180 1385 250 1430 cura
270 1376 448 1448 occupatura
471 1377 561 1442 esset,
580 1369 619 1432 ll.
643 1367 800 1432 Aemssirun
817 1375 985 1449 praetorem
1007 1387 1045 1429 ex

86 1450 203 1530 collegii
228 1452 401 1532 pontificum
425 1455 570 1516 sententia
590 1455 690 1514 omnia
710 1470 745 1515 ea
769 1462 802 1515 ut
822 1460 937 1515 mature
964 1452 1043 1522 liant,

86 1534 291 1597 curareiubet.
329 1535 364 1597 ll.
390 1536 571 1600 Hissenatus
583 1536 723 1599 consultis
736 1536 877 1616 perlectis
888 1536 921 1598 L.
934 1536 1071 1599 Corne-1

85 1617 142 1680 lius
152 1617 293 1681 Lentulus
306 1620 438 1700 pontifex
448 1623 591 1683 maximus
607 1619 778 1682 consulente
789 1619 944 1700 collegium
958 1636 1043 1700 prae·

86 1710 152 1762 tore
165 1703 296 1764 omnium
309 1704 438 1781 primum
451 1703 592 1785 populum
603 1702 816 1766 consulendum
828 1704 865 1766 de
874 1720 944 1764 vere
958 1719 1044 1764 sacro

87 1790 202 1845 censet:
218 1786 331 1847 iniussu
346 1785 448 1866 populi
461 1789 560 1848 voveri
573 1806 633 1849 non
648 1805 744 1867 posse.
777 1795 898 1867 rogatus
917 1788 948 1848 in
970 1786 1072 1847 haect

86 1867 176 1929 verba
188 1866 327 1948 populus:
355 1914 374 1939 „
383 1868 478 1932 velitis
498 1869 662 1932 iubeatisne
682 1871 756 1933 baec
770 1873 813 1932 sic
832 1870 914 1932 fierit
949 1870 975 1930 si
995 1885 1044 1930 res

87 1949 204 2032 publica
218 1951 320 2032 populi
334 1952 459 2015 Romani
473 1952 630 2024 Qulritium
645 1953 683 2013 ad
697 1954 930 2033 qulnquennium
943 1953 1043 2031 proxi·

86 2053 168 2097 mum
195 2041 267 2106 stet,
302 2043 336 2097 et
359 2034 460 2108 velim,
488 2053 611 2114 eamque
636 2035 745 2098 selvam
773 2037 933 2097 serraverii
962 2037 1044 2096 bisce

87 2116 206 2188 duellis,
224 2118 303 2198 quod
319 2117 448 2180 duellum
464 2118 573 2198 populo
582 2118 715 2179 Romano
733 2136 800 2180 cum
812 2117 1044 2195 Carthaginiensi

87 2200 946 2357 illutibilislibibinilbtllss
967 2207 1073 2344 ilis

87 2387 138 2430 ver
149 2370 280 2432 attulerit
294 2387 331 2431 ex
344 2368 430 2430 suillo
437 2304 559 2440 ,porpillm
574 2371 710 2449 caprino,
720 2368 827 2431 bovillo
838 2331 943 2447 grege,
956 2302 1044 2448 ‹gilie-

87 2471 146 2533 que
160 2453 284 2533 prolana
300 2460 401 2522 crunt,
417 2453 478 2514 lovi
493 2453 559 2514 lieri
573 2471 609 2514 er
623 2471 681 2533 qua
695 2453 743 2514 die
764 2460 884 2515 senatus
903 2450 1044 2532 populus·

87 2555 145 2618 que
158 2538 286 2600 iusserit.
318 2539 369 2618 qui
383 2536 483 2609 saciet,
505 2536 622 2617 quando
644 2535 723 2599 volet
736 2554 851 2617 quaqrm
873 2535 938 2615 lege
958 2534 1073 2606 volet,4

87 2622 189 2692 iacito;
207 2641 265 2703 quo
282 2621 371 2684 modo
385 2622 471 2693 laxit,
487 2621 580 2701 probe
596 2622 707 2684 iactum
722 2629 795 2683 esto.
825 2620 895 2683 aiid
910 2621 1072 2690 morituro

86 2705 166 2786 quod
180 2706 246 2767 lieri
260 2703 423 2785 oportebit,
440 2704 597 2785 profanum
608 2713 684 2778 esto,
702 2724 798 2787 neque
813 2704 907 2767 scelus
919 2712 991 2768 esto.
1020 2704 1046 2765 sl

87 2789 698 2949 aeasattttitttebem
713 2790 904 2949 itanc
927 2788 1071 2930 iu

89 2958 154 3011 atro
172 2950 219 3012 die
237 2951 310 3013 faxit
330 2953 471 3026 insciens,
497 2955 591 3035 probe
612 2954 721 3018 iactum
741 2960 813 3016 esto.
842 2953 868 3012 si
881 2960 968 3013 nocte
986 2951 1047 3012 sive

88 3033 171 3105 luce,
201 3034 226 3095 si
246 3053 348 3099 servus
368 3037 429 3098 slve
450 3037 631 3110 libertarit,
657 3037 751 3119 probe
772 3038 883 3099 iactum
906 3045 978 3097 esto.
1021 3035 1047 3097 si

90 3117 206 3179 antidea
227 3125 345 3180 senatus
365 3119 548 3201 populusque
565 3122 684 3183 iusserit
703 3122 782 3192 fieri,
804 3138 838 3182 ac
860 3119 981 3190 ianitor,
1010 3136 1046 3180 eo

88 3200 214 3283 populus
228 3201 342 3264 solutus
356 3201 432 3264 liber
444 3209 538 3266 esto.“
567 3204 697 3265 cumdem
711 3207 756 3265 rei
771 3221 859 3265 causa
873 3201 935 3264 ludi
949 3203 1073 3281 magnit

88 3287 149 3346 voti
161 3287 239 3349 aeris
252 3289 393 3349 trecentis
406 3288 527 3367 triginta
543 3287 636 3349 tribus
648 3286 765 3350 milibus
773 3290 910 3350 trecentis
925 3289 1048 3362 emptam

89 3370 183 3431 nibeis
198 3372 320 3443 triente,
335 3379 490 3453 praeterea
503 3370 600 3433 bubus
610 3371 671 3434 lovi
684 3373 841 3443 trecentis,
865 3370 964 3433 multis
984 3371 1047 3434 aliis

90 3449 164 3514 ditis
183 3452 280 3516 bubus
299 3454 373 3518 albis
392 3463 479 3538 atque
494 3457 602 3543 ceteris
621 3455 733 3519 hostiis.
768 3458 844 3519 rotis
858 3457 915 3518 rite
934 3463 1075 3520 nuncu-8
