2575 4067
279 238 374 280 urens
387 239 464 280 un.
481 240 548 281 oar.
564 228 608 281 41.
623 230 668 282 42.
686 222 728 301 [a.
746 224 780 284 0.
795 221 858 302 216]
988 221 1053 287 299

91 386 256 451 convallem
276 386 408 448 medium
428 403 533 462 agmen
554 388 695 457 traducit,
726 397 759 449 ut
779 388 952 468 diripiendis
971 392 1051 453 velut
1073 407 1090 456 a

91 473 221 535 desertis
234 471 303 548 iuga
318 469 505 531 dominorum
521 473 624 531 castris
639 478 812 551 occupatum
827 475 1050 554 inpeditnmque

92 556 210 616 bostem
225 554 416 634 opprimeret.
441 553 539 614 crebri
552 553 648 615 relicti
662 556 693 616 in
705 558 809 617 castris
820 558 915 633 ignes,
933 565 965 618 ut
978 559 1050 618 fides
1071 570 1089 622 t

91 640 192 706 fleret,
215 635 283 697 durn
304 639 368 715 ipse
387 636 504 714 longius
524 640 650 716 spatium
670 640 739 716 iuga
758 641 955 719 praeciperet,
978 641 1050 701 laisa

89 723 222 799 imagine
237 728 417 789 castrorum,
438 722 513 781 sicut
533 720 656 781 Fabium
675 723 775 800 priore
795 739 872 782 anno
892 723 1050 784 frustratus

89 812 180 874 esset,
194 804 300 864 'tenere
314 804 345 863 in
359 803 432 864 locis
446 804 582 864 consules
596 803 730 866 voluisse.
761 805 848 867 XLII.
864 805 921 867 Ubi
935 805 1049 875 inluxit,
1073 821 1087 873 1

90 887 254 949 subductae
269 888 366 966 primo
380 889 535 957 stationes,
559 888 665 949 deinde
678 890 800 968 propius
815 889 989 951 adeuntibus
1003 892 1048 950 in-

89 971 212 1033 sobtum
225 969 375 1031 silentium
393 969 616 1032 admirationem
631 972 710 1033 iecit.
741 974 800 1032 iarn
820 973 890 1034 satis
907 981 1049 1052 conperta
1072 990 1087 1038 2

89 1054 250 1117 solitudine
270 1056 302 1114 in
322 1056 427 1115 castris
447 1072 607 1120 concursus
626 1056 659 1116 iit
680 1055 715 1115 ad
730 1058 878 1134 praetoria
896 1056 1048 1118 consulum

89 1139 289 1199 nuntiantium
301 1138 400 1214 lugam
412 1138 539 1198 bostium
552 1138 625 1199 adeo
638 1139 791 1218 trepidam,
807 1147 840 1199 ut
849 1138 1048 1200 tabernaculis

89 1220 236 1284 stantibus
251 1227 346 1281 eastra
362 1219 550 1300 reliquerint,
572 1240 690 1301 quoque
705 1223 773 1299 iuga
788 1222 943 1285 obscurior
959 1232 1047 1297 esset,

89 1304 214 1367 crebros
229 1306 317 1364 etiam
332 1303 451 1365 relictos
465 1307 552 1382 ignis.
583 1304 695 1366 clamor
708 1305 777 1366 inde
793 1313 890 1376 ortus,
912 1314 945 1367 ut
965 1307 1047 1384 signa
1071 1322 1087 1374 a

87 1389 219 1469 proferri
239 1386 376 1449 iuberent
396 1387 596 1465 ducerentque
611 1387 648 1448 ad
662 1389 884 1468 persequendos
903 1390 998 1451 bostis
1013 1407 1047 1450 ac

88 1474 225 1553 protinus
240 1479 333 1533 castra
349 1472 522 1551 diripienda.
550 1482 580 1532 et
593 1472 696 1532 consul
712 1473 788 1534 alter
798 1471 877 1533 velut
890 1490 968 1534 unus
982 1482 1046 1534 tur·
1070 1489 1085 1527 a

88 1556 145 1618 bae
160 1555 294 1616 militaris
310 1563 386 1623 erat:
402 1555 512 1617 Paulus
527 1558 614 1617 etiarn
629 1563 717 1637 atque
733 1557 820 1616 etiam
836 1556 935 1617 dicere
949 1558 1046 1635 prou-

88 1640 217 1700 dendum
231 1638 524 1718 praecavendumque
537 1658 616 1708 esse;
632 1648 794 1719 postremo,
811 1657 878 1701 oum
891 1640 979 1702 aliter
994 1658 1045 1701 ne·

89 1742 147 1800 qne
162 1723 337 1783 seditionem
357 1740 454 1800 neque
473 1723 578 1783 ducem
595 1724 750 1785 seditionis
769 1725 916 1784 susdnere
935 1731 1045 1803 posset,

86 1808 213 1868 Marium
230 1805 378 1867 Statilium
392 1806 574 1884 praelectum
586 1824 654 1867 cum
668 1815 766 1868 turma
776 1806 896 1868 Lucana
911 1808 1045 1887 explora·

88 1899 150 1951 tum
170 1890 268 1950 mittit.
305 1891 355 1969 qui
373 1888 425 1948 ubi
446 1889 623 1967 adequitavit
642 1892 753 1967 portis,
781 1890 943 1951 subsistere
963 1900 1045 1952 exoa
1067 1905 1083 1955 t

87 1975 268 2038 mumimenta
283 1973 389 2032 ceteris
400 1972 488 2031 iussis
497 1972 562 2050 ipse
574 1988 640 2030 cum
651 1971 767 2032 dnobus
782 1972 929 2051 equitibus
937 1973 1045 2034 vallum

86 2059 219 2126 intrarit,
241 2054 465 2134 speculatusque
480 2057 578 2115 omnia
593 2072 661 2113 cum
677 2072 747 2115 cura
761 2056 912 2115 renuntiat
925 2056 1046 2116 insidias

88 2143 220 2201 oroiecto
237 2157 315 2201 esse:
339 2141 424 2214 ignes
443 2140 476 2198 in
494 2144 579 2216 parte
595 2146 774 2206 castrorum,
796 2155 872 2216 qnae
892 2145 995 2215 vergat
1009 2138 1045 2197 ad
1066 2152 1083 2203 o

87 2223 211 2291 hostem,
223 2222 352 2291 relictos,
364 2221 553 2281 tabernacula
565 2229 666 2299 aperta
678 2228 708 2280 et
716 2221 814 2281 omnia
824 2238 892 2281 cara
902 2221 933 2280 in
944 2238 1044 2300 prorn-

87 2313 140 2386 ptu
159 2305 278 2372 relicta,
305 2312 460 2381 argentum
480 2303 657 2383 quibusdam
681 2304 755 2364 locis
773 2313 886 2364 temere
910 2321 966 2382 per
984 2304 1044 2364 vlas

87 2387 165 2449 velut
178 2387 328 2449 obiectum
349 2387 385 2447 ad
400 2386 541 2467 praedam
555 2387 671 2447 vidisse.
701 2405 777 2469 quae
800 2386 836 2446 ad
852 2385 1045 2448 deterrendos
1067 2402 1082 2450 7

87 2492 103 2533 a
118 2471 277 2552 cupiditate
292 2473 406 2532 animos
417 2473 548 2531 nuntiata
565 2478 658 2540 erant,
675 2489 709 2531 ea
720 2471 926 2541 accenderunt,
942 2479 972 2532 et
986 2469 1045 2530 cia·

86 2574 169 2619 more
180 2564 246 2617 orto
257 2575 273 2616 a
285 2554 436 2625 militibus,
452 2557 483 2616 ni
497 2557 613 2632 signum
624 2554 719 2624 detur,
732 2556 796 2616 sine
805 2554 931 2616 ducibus
940 2556 1042 2623 ituros,

85 2640 310 2721 haudquaquam
325 2640 385 2701 dux
396 2640 502 2703 detuit:
519 2658 586 2700 nam
598 2638 744 2719 extemplo
755 2640 847 2700 Varro
860 2640 977 2717 signum
992 2638 1043 2699 de·

87 2726 130 2784 dit
139 2723 354 2803 proficiscendi.
376 2723 493 2792 Paulus,
506 2742 573 2783 cum
585 2725 611 2783 ei
625 2741 678 2784 sua
694 2731 798 2802 sponte
809 2724 959 2784 cunctanti
969 2721 1044 2802 pulli
1064 2734 1082 2784 8

86 2824 203 2886 quoque
224 2808 355 2887 auspicio
376 2824 435 2866 uon
455 2805 651 2876 addixissent,
677 2808 807 2866 nuntiari
829 2808 888 2865 iam
910 2807 1043 2865 etlerenti

85 2896 171 2969 porta
184 2889 267 2965 signa
282 2886 422 2966 conlegae
436 2890 529 2949 iussit.
559 2887 637 2967 quod
653 2904 831 2967 quamquam
847 2887 939 2947 Varro
954 2904 1043 2962 aegre
1065 2899 1082 2949 t

86 2978 129 3034 est
147 2988 266 3048 passus,
293 2971 419 3031 Flamini
439 2981 538 3033 tamen
557 2988 663 3031 recens
683 2987 769 3030 casus
789 2968 950 3048 Claudique
972 2986 1042 3029 con-

85 3054 158 3118 sulis
171 3055 268 3134 primo
282 3053 396 3114 Punico
411 3053 490 3115 bello
505 3060 666 3115 memorata
680 3050 789 3114 navalis
809 3051 908 3112 clades
923 3051 1041 3129 religio·

85 3157 153 3202 nem
167 3138 265 3201 animo
285 3138 416 3198 incussit.
447 3138 477 3198 di
497 3155 589 3216 prope
609 3139 666 3215 ipsi
687 3155 722 3196 eo
734 3135 885 3213 diemagis
899 3134 1083 3199 distulerclo

85 3240 172 3303 quam
186 3221 368 3301 prohibuere
381 3222 576 3282 inminentem
587 3228 702 3298 pestem
712 3220 861 3279 Romanis.
882 3236 950 3278 nam
964 3219 1042 3279 sorte

84 3310 124 3368 ita
139 3307 249 3375 evenit,
266 3314 312 3373 ut,
336 3322 403 3366 cum
417 3304 525 3365 reterri
538 3305 621 3380 signa
636 3305 667 3363 in
682 3311 778 3363 castra
796 3302 909 3363 iubenti
929 3301 1042 3362 consuli

86 3389 192 3452 milites
206 3396 435 3470 nonparerent,
452 3388 530 3450 serti
544 3386 618 3456 duo,
635 3386 785 3447 Formiani
798 3403 890 3454 unus,
906 3384 977 3446 alter
995 3386 1076 3452 Si·11

86 3474 173 3534 dicioi
194 3475 315 3553 equitis.
340 3474 391 3551 qui
410 3469 534 3533 Servilio
560 3480 647 3551 atquc
667 3468 753 3532 tnnc
773 3467 943 3530 consulibus
964 3471 1042 3531 inter
