2575 4067
230 233 292 295 loo
425 246 519 288 crans
532 247 563 288 x.
582 245 651 289 osa.
668 232 712 288 38.
728 234 771 287 39.
789 224 829 308 [a.
845 249 876 289 a.
892 248 918 289 c.
933 227 994 309 sul]

228 394 334 457 madiis
349 393 412 455 iera
426 394 531 456 castris
544 392 626 454 locus
638 400 684 454 est
694 403 870 475 consaeptus
882 395 1011 457 cratibus
1025 394 1198 479 pluteisque

230 486 259 540 at
278 477 376 540 lintels
402 486 569 547 contectus,
597 485 702 557 patens
722 477 865 540 ducentos
889 481 1017 541 maxime
1037 480 1134 560 'pedes
1160 484 1197 545 in

200 564 325 624 domnis
340 563 452 642 pariter
465 563 567 643 partis.
603 561 645 621 ibi
657 580 694 622 ex
706 560 783 623 libro
795 571 894 626 satore
907 563 999 625 linteo
1009 562 1087 626 lecto
1101 567 1196 627 sacri·

226 648 345 709 beatum
371 647 525 709 sacerdote
547 644 618 706 Orio
638 645 745 706 Paccio
768 647 910 726 qrodam,
936 648 1058 710 bomine
1083 667 1197 729 magno

227 739 313 800 natu,
329 731 381 810 qui
391 747 423 790 sa
433 730 464 791 id
478 747 595 792 sacrum
606 736 709 809 petere
720 729 894 792 adfirmabat
905 749 941 793 ax
952 739 1065 793 vetusta
1077 734 1196 795 Ssmni·

227 817 301 877 tinm
315 813 475 893 religione,
497 832 555 894 qua
565 813 715 893 quondam
731 816 778 876 usi
798 816 926 877 sudores
939 834 1043 878 corum
1057 816 1194 887 luissent,

228 917 295 961 cum
323 897 496 960 adimendae
514 896 647 959 Etruscis
667 897 783 978 capuae
808 898 1024 962 clandestinum
1045 903 1196 980 cepissent

199 982 393 1044 tconsilinm.
420 982 564 1044 sacrificio
575 982 709 1061 perlecto
718 984 921 1062 persisterem
932 985 1095 1063 imperator
1103 986 1195 1047 acciri

199 1066 350 1129 sinbebat
370 1064 587 1127 nobilissimum
601 1083 750 1146 quemque
770 1084 880 1145 genere
896 1066 1048 1148 lactisque.
1084 1067 1195 1148 singuli

226 1149 499 1212 introducebantur.
529 1157 593 1211 erat
608 1167 676 1210 cum
690 1149 764 1211 alins
779 1159 936 1231 apparatus
951 1153 1042 1221 sacri,
1059 1154 1110 1232 qui
1124 1170 1195 1233 per·

227 1235 353 1297 fundere
370 1232 514 1314 religione
530 1236 661 1295 animum
676 1241 790 1313 posset,
806 1243 869 1295 tum
884 1237 917 1296 in
933 1236 998 1298 loco
1016 1238 1096 1299 circa
1111 1238 1195 1298 omni
1251 1270 1254 1277 ·

228 1326 364 1382 contacto
387 1336 455 1381 arae
476 1320 507 1379 iu
527 1319 626 1380 medio
650 1319 844 1398 victimaeque
866 1321 945 1381 circa
967 1338 1070 1382 caesae
1083 1328 1113 1381 ct
1133 1323 1194 1381 cir·

199 1410 408 1466 tcnmstantes
428 1404 617 1465 centuriones
637 1404 748 1464 strictis
768 1400 881 1480 gladiis.
922 1402 1129 1466 admovebatur
1149 1403 1195 1464 al·

228 1486 341 1550 taribus
354 1488 449 1566 magis
463 1495 496 1548 ut
517 1488 635 1548 victima
651 1505 739 1566 quam
753 1495 787 1547 ut
806 1488 884 1549 sacri
905 1489 1069 1569 particeps,
1093 1487 1195 1567 adige·

229 1577 373 1653 baturque
391 1575 456 1633 iure
472 1573 598 1634 iurando
613 1591 689 1653 quae
708 1577 769 1635 risa
786 1573 944 1652 auditaque
961 1576 993 1634 iu
1010 1593 1045 1635 eo
1061 1573 1127 1635 loco
1143 1592 1190 1634 es·

189 1668 220 1716 10
231 1665 297 1718 sent
308 1674 368 1716 non
380 1657 609 1717 enuntiatorum.
634 1655 703 1716 dein
715 1658 814 1717 iurare
829 1656 974 1732 cogebant
984 1657 1049 1718 diro
1060 1657 1189 1734 quodam

227 1744 359 1807 carmina
374 1743 406 1802 in
418 1743 635 1804 execrationem
650 1742 753 1821 capitis
767 1740 954 1823 familiaeque
964 1749 994 1803 et
1008 1743 1107 1822 stirpis
1118 1759 1191 1803 con-

226 1829 340 1909 posito,
356 1827 414 1887 nisi
429 1827 500 1886 isset
514 1827 545 1886 in
560 1824 722 1906 proellum,
745 1843 804 1906 quo
820 1827 1016 1906 imperatores
1029 1827 1190 1893 damnent.

120 1960 129 1967 .
227 1920 257 1975 et
278 1912 304 1972 si
320 1918 370 1972 aut
385 1912 449 1990 ipse
464 1928 501 1972 ex
516 1911 579 1970 acie
596 1909 724 1988 fugisset
738 1917 801 1979 aut,
824 1911 954 1989 siquem
969 1910 1132 1989 fugientem
1148 1916 1188 1970 vi·
1250 1973 1254 1979 ,

186 2002 216 2055 il
228 1995 334 2066 disset,
346 2013 407 2056 non
418 1992 565 2075 extemplo
577 1994 742 2055 occidisset.
770 1993 801 2054 id
815 1994 1043 2074 primoquidem
1059 1993 1189 2056 abnuen-

226 2088 272 2142 tes
285 2081 433 2142 inraturos
446 2096 478 2139 sa
493 2077 660 2140 obtruncati
676 2080 755 2139 circa
775 2076 877 2139 altaria
889 2086 971 2150 sunt;
989 2080 1119 2140 iacentes
1140 2077 1192 2139 de·

226 2165 296 2226 inde
315 2166 394 2226 inter
413 2171 541 2241 stragem
560 2164 746 2223 victimarum
767 2161 945 2223 documento
967 2164 1075 2224 ceteris
1095 2162 1191 2233 inere,

185 2254 218 2307 12
227 2267 266 2311 ne
282 2249 456 2311 abnuerent.
487 2245 669 2327 primoribus
685 2246 861 2307 Samnitium
876 2264 909 2308 ea
923 2244 1117 2331 detestatione
1138 2244 1193 2306 ob·

227 2335 338 2395 strictis
362 2332 465 2394 docem
492 2332 635 2391 nominati
655 2329 693 2391 ab
716 2331 913 2411 imperatore:
941 2331 984 2391 eis
1006 2330 1133 2403 dictum,
1159 2338 1193 2392 ut

226 2420 271 2478 vir
285 2418 380 2478 virum
396 2414 543 2495 legerent,
567 2414 662 2475 donec
679 2414 810 2476 sedecim
824 2413 939 2476 milium
951 2431 1108 2476 numerum
1121 2431 1192 2476 con·

226 2501 375 2563 iecissent.
412 2517 446 2559 ea
469 2497 546 2577 legio
562 2497 683 2560 linteata
697 2497 733 2559 ab
754 2499 956 2578 integumento
972 2500 1137 2579 consaepti‚
1158 2500 1193 2559 iu

228 2602 286 2663 quo
301 2588 416 2643 sacrata
427 2580 565 2642 nobilitas
577 2590 655 2652 erat,
670 2580 815 2661 appellata
827 2590 879 2644 est.
909 2582 956 2643 bis
971 2599 1054 2644 arma
1063 2583 1192 2661 iusignia

188 2667 338 2728 redamet
352 2667 490 2726 cristatae
505 2663 620 2743 galeae,
632 2672 667 2726 ut
680 2665 759 2726 inter
771 2676 887 2727 ceteros
899 2666 1073 2728 eminerent.
1103 2664 1192 2746 patrio

227 2750 294 2831 plus
305 2748 409 2827 viginti
419 2746 533 2809 milium
544 2747 619 2810 alins
631 2750 778 2810 exercitus
788 2749 845 2811 fuit
854 2766 910 2812 nec
922 2767 1082 2830 corporum
1093 2750 1192 2831 specie

227 2852 284 2897 nec
299 2831 392 2913 gloria
407 2831 477 2894 bebi
488 2849 547 2893 uec
563 2840 706 2913 apparatu
720 2832 859 2896 linteatae
873 2832 982 2914 legioni
997 2833 1107 2914 dispar.
1142 2833 1190 2894 bic

227 2919 383 2982 bominum
392 2934 535 2980 numerus
550 2912 640 3000 [quod
654 2916 771 2978 roboris
783 2916 861 3000 erat]
875 2918 911 2979 ad
921 2915 1107 2999 Aquiloniam
1120 2934 1190 2978 con·

243 3003 313 3065 edit.

202 3023 242 3146 1s
289 3085 417 3148 XXXIX.
453 3085 594 3149 Consules
623 3085 750 3166 proiecti
772 3086 809 3148 ab
830 3086 1026 3231 urbfflqllfioe
1047 3086 1097 3166 Sp.
1120 3085 1191 3146 Gar·

229 3171 326 3243 vilius,
354 3172 402 3231 cui
429 3177 544 3232 veteres
568 3169 716 3250 legiones,
742 3187 815 3249 quas
836 3171 874 3233 bi.
900 3174 923 3231 d
959 3171 1005 3232 ‘us
1029 3169 1192 3249 superioris

228 3257 299 3318 anni
309 3253 413 3316 consul
425 3256 457 3315 in
469 3271 540 3334 agro
550 3254 742 3317 Interamnati
756 3254 931 3336 reliquerat,
948 3253 1085 3315 decretae
1096 3261 1191 3314 erant

197 3349 293 3400 acum
309 3339 352 3401 eis
365 3339 397 3399 in
412 3338 563 3401 Samnium
576 3339 742 3420 proiectus,
758 3337 829 3401 dum
844 3339 944 3400 hostes
959 3339 1072 3419 operati
1087 3352 1192 3417 super·

229 3420 398 3484 stitionibus
414 3422 538 3485 concilia
553 3430 668 3485 secreta
683 3430 787 3502 agunt,
803 3423 987 3486 Amiternum
999 3420 1140 3502 oppidum
1155 3417 1193 3480 de

202 3504 450 3567 aSamnitibnsvi
464 3508 551 3587 cepit.
589 3524 674 3569 caesa
695 3507 738 3568 ibi
758 3505 838 3569 milia
856 3507 1010 3569 hominnm
1024 3504 1082 3566 duo
1097 3504 1194 3565 iermc
