2575 4067
272 230 333 292 334
439 243 531 284 amna
546 241 637 286 xxarr.
653 243 722 287 oin.
739 230 780 284 ib.
797 231 837 285 it.
854 223 894 305 [e.
909 245 941 286 u.
955 245 982 287 c.
997 222 1062 305 588]

271 398 366 453 macte
385 392 492 452 uirtute
510 398 572 451 esto
581 399 599 424 “
620 391 727 470 lnquit,
748 389 852 471 „apud
872 409 921 452 me
945 390 999 453 tibi
1014 391 1117 452 omnis
1142 392 1242 457 honos

271 480 359 554 atque
380 491 468 536 omne
495 476 659 555 praemium
680 475 751 545 crit,
773 482 802 535 et
823 492 881 555 quo
898 474 1086 555 frequentior
1114 494 1242 540 mecine

270 557 376 629 non,
399 558 508 619 tendes
527 575 592 619 eam
613 576 677 619 rem
698 557 753 619 tibi
773 557 906 636 dignitati
921 566 1008 639 atquc
1027 558 1241 623 emolumento

234 645 262 703 it
273 649 377 704 esse“:
390 641 523 722 laetoque
534 642 631 703 iuveni
645 642 798 722 promissis
808 658 914 722 equom
926 643 1067 703 eximium
1079 642 1167 705 douo
1181 645 1240 716 dat,

271 725 444 807 bigatosque
461 728 637 807 quingentos
652 733 839 806 quaestorem
856 743 1012 787 numerare
1029 725 1135 798 iubet;
1152 728 1239 789 licto·

270 808 353 871 ribus
368 811 507 889 imperat,
523 817 636 871 uicum
653 828 685 871 se
700 809 798 879 adire,
814 811 949 889 quotiens
966 809 1049 878 velit,
1069 812 1237 889 patiantur.

245 892 345 955 cxvi.
382 894 444 956 liae
466 895 603 955 comitate
624 891 756 955 Marcelli
775 893 883 955 ferocis
898 893 1010 955 iuvenis
1025 895 1151 956 animus
1162 895 1237 958 adeo

272 983 318 1038 est
332 976 475 1049 mollitus,
505 984 538 1038 ut
551 994 639 1038 nemo
660 976 729 1038 inde
744 978 893 1038 sociorum
907 994 971 1038 rem
985 976 1157 1041 itomanam
1173 979 1235 1039 ior·

243 1062 328 1122 ttius
348 1079 382 1124 ac
408 1059 522 1123 tidelius
546 1061 664 1130 iuverit,
697 1078 764 1121 cum
785 1058 930 1122 Hannibal
960 1060 997 1121 ad
1023 1069 1131 1141 portas
1159 1071 1237 1123 esset

273 1177 309 1191 -
326 1142 430 1207 Nolam
445 1147 524 1206 enim
541 1161 643 1205 rursus
660 1162 676 1204 a
691 1144 818 1207 Nuceria
831 1145 922 1205 movit
942 1152 1097 1205 casua-
1114 1144 1235 1225 plebes·

272 1246 330 1309 que
343 1227 455 1290 Nolana
470 1227 506 1289 de
520 1229 636 1306 integro
652 1227 689 1288 ad
704 1227 900 1289 deiectionem
916 1234 1074 1308 spectaret,

245 1317 261 1371 t
333 1310 488 1375 Marcellus
502 1310 556 1373 sub
573 1310 729 1380 adventum
744 1311 872 1373 hostium
887 1313 966 1372 iutra
980 1329 1084 1372 muros
1099 1331 1135 1373 se
1151 1331 1233 1375 rece·

270 1398 326 1477 plt,
344 1414 403 1458 non
419 1397 522 1458 cestris
536 1401 684 1466 metuens,
701 1394 752 1456 sed
767 1412 803 1456 ne
818 1394 987 1474 prodendae
1001 1393 1087 1456 urbis
1100 1399 1232 1458 occasio·

243 1486 340 1541 tuem
351 1479 585 1542 nimismultisin
597 1479 879 1540 eamiuminentibus
890 1478 982 1540 daret.
1002 1479 1113 1541 instrui
1124 1478 1230 1542 deiude

270 1564 418 1644 utrimque
431 1564 509 1625 acies
524 1570 663 1642 coeptae,
679 1562 878 1624 Romanorum
894 1580 949 1641 pro
961 1561 1119 1623 moenibus
1130 1563 1227 1629 itone

270 1646 437 1707 Poenorum
452 1653 626 1707 antecastra
638 1663 700 1706 sua.
726 1644 838 1726 proelia
849 1645 919 1706 hinc
930 1663 1019 1724 parva
1030 1647 1112 1707 inter
1123 1647 1227 1709 urbem

270 1735 423 1807 metroque
439 1735 468 1788 et
482 1729 561 1791 vario
580 1735 687 1789 eventu
700 1728 822 1799 fiebant,
847 1729 916 1807 quia
940 1728 1030 1790 duces
1044 1747 1103 1789 nec
1125 1732 1228 1810 probi·

268 1811 341 1873 bere
352 1828 461 1891 paucos
472 1818 584 1874 temere
594 1814 781 1891 provocantis
794 1830 851 1873 uec
861 1811 932 1874 dare
943 1813 1059 1891 signum
1072 1814 1228 1876 universae

240 1903 382 1975 opuguae
404 1893 547 1959 volebant
587 1897 617 1957 in
640 1896 696 1957 hac
716 1896 862 1957 cotidiana
890 1895 1015 1957 duorum
1042 1899 1227 1959 exercituum

269 1980 394 2041 statione
408 1980 556 2060 principes
571 1978 751 2043 Nolanorum
773 1980 909 2040 nuntiant
922 1978 1061 2041 Marcello
1080 1988 1226 2044 nocturna

243 2071 260 2122 o
271 2061 425 2144 conloquia
430 2064 509 2125 inter
514 2063 630 2143 plebem
642 2081 676 2123 ac
681 2063 796 2124 Poenos
807 2064 880 2133 ficri,
893 2070 1092 2143 statutumque
1099 2081 1177 2137 esse,
1189 2073 1226 2134 ut,

269 2148 475 2211 eumiiomena
482 2149 684 2226 eciescgressa
693 2146 785 2225 portis
797 2153 898 2218 staret,
909 2146 1110 2226 iupedimenta
1121 2166 1225 2210 eorum

268 2250 303 2294 ac
316 2233 446 2293 sarcinas
458 2231 633 2310 diriperent,
652 2229 822 2291 clauderent
836 2229 943 2291 deinde
953 2237 1055 2310 portas
1063 2248 1226 2311 murosque
1258 2297 1263 2302 .

269 2322 454 2395 occuparent,
468 2322 500 2376 ut
508 2320 643 2394 potentes
656 2331 756 2375 rerum
769 2330 888 2374 suarum
899 2320 986 2392 atque
997 2313 1080 2376 urbis
1092 2314 1223 2375 Poenum

240 2398 336 2459 tinde
351 2416 406 2478 pro
421 2397 552 2459 Romano
568 2398 746 2477 acciperent.
778 2397 851 2458 haec
866 2396 918 2457 ubi
939 2398 1070 2458 nundata
1084 2396 1220 2459 Marcelle

267 2490 348 2553 sunt,
375 2480 556 2543 conlaudatis
581 2480 765 2543 senatoribus
778 2477 912 2550 Nolanis,
939 2482 1112 2561 priusquam
1135 2480 1222 2559 aliqui

267 2576 363 2628 motus
382 2569 413 2628 in
433 2566 508 2628 urbe
530 2572 680 2633 oreretur,
704 2563 852 2625 fortunam
875 2580 991 2643 pugnae
1013 2566 1144 2644 experiri
1164 2573 1219 2623 sta·

237 2651 329 2708 stult
359 2649 397 2710 ad
410 2651 465 2709 tris
478 2657 578 2728 portas
601 2651 633 2710 iu
653 2649 752 2710 hostes
771 2666 869 2710 versas
889 2650 1037 2727 tripertito
1060 2656 1218 2710 exercitum

266 2732 417 2800 instruxit;
434 2729 635 2810 inpedimenta
648 2730 787 2810 nubsequi
800 2733 896 2802 iussit,
913 2731 1031 2795 odones
1047 2732 1177 2812 lixasque
1192 2738 1219 2789 et

265 2812 407 2877 invalidos
424 2812 532 2876 milites
546 2813 654 2876 vallum
673 2815 762 2878 ierre.
791 2816 888 2876 medie
901 2823 987 2895 porta
1008 2815 1117 2876 robora
1130 2815 1217 2892 legio·

266 2918 337 2962 num
352 2906 382 2961 et
396 2899 544 2961 Romanos
561 2900 687 2980 equites,
703 2899 816 2961 duabus
831 2900 910 2961 circa
924 2901 1018 2978 portis
1039 2916 1130 2959 novos
1144 2897 1217 2959 miii-

237 2991 309 3045 ttes
324 2981 478 3065 levemque
492 2992 673 3046 armaturam
689 3002 723 3046 ac
739 2984 886 3046 sociorum
900 2985 1013 3062 equites
1026 2983 1135 3043 statuit.
1162 2981 1216 3043 No·

265 3067 326 3129 lani
341 3085 442 3129 muros
466 3076 625 3148 portasque
647 3068 728 3129 adire
749 3067 843 3138 vetiti,
867 3064 1054 3146 stibsidieque
1078 3065 1217 3126 destinata
1270 3091 1271 3094 ¹

264 3151 472 3233 inpedimentis
486 3151 567 3223 data,
590 3170 628 3214 ne
654 3153 802 3229 occupatis
821 3149 934 3231 proelio
956 3148 1121 3228 legionibus
1140 3151 1217 3209 inea

230 3238 395 3318 toimpetue
409 3236 503 3298 tieret.
533 3237 573 3297 ita
591 3233 820 3298 instructi‘intra
835 3240 935 3314 portas
956 3232 1080 3296 stabant.
1109 3233 1212 3293 Hanni·
1269 3291 1270 3298 ,

265 3318 324 3382 bali
339 3319 393 3382 sub
409 3320 514 3399 signis,
533 3318 564 3381 id
585 3319 664 3401 quod
685 3337 739 3399 per
754 3317 863 3399 aliquot
874 3317 936 3379 dies
951 3317 1076 3387 iecerat,
1092 3316 1130 3376 ad
1145 3313 1217 3376 mud-
1269 3317 1270 3332 ³

265 3413 327 3466 tum
343 3403 401 3464 diei
423 3403 455 3463 iu
476 3405 539 3465 acie
558 3405 648 3466 stanti
672 3403 772 3482 primo,
790 3401 932 3464 miraculo
955 3418 1035 3476 esse,
1060 3398 1140 3478 quod
1164 3416 1215 3460 nec

265 3487 411 3545 exercitus
427 3484 577 3548 Romanus
592 3495 677 3566 porta
696 3486 900 3564 egrederetur,
922 3503 978 3546 nec
993 3491 1123 3546 armatus
1140 3483 1215 3561 quia·
