2575 4067
345 198 439 239 urana
449 198 479 239 x.
496 195 564 239 car.
580 184 624 239 411.
635 185 679 237 «17.
693 173 732 256 [a.
746 177 781 240 O.
795 178 857 259 293]
1020 185 1081 249 199

110 347 219 410 butmn
233 347 322 408 etiam
336 346 368 406 in
384 345 562 424 stipendium
575 341 702 404 militum
717 341 865 405 conlatum
879 355 937 415 est,
954 363 1021 407 cum
1054 348 1079 408 si

110 438 214 512 spreta
230 428 324 509 gloria
339 428 442 490 luisset
454 428 583 509 captivae
598 427 742 506 pecuniae
756 427 788 488 iu
802 429 948 489 aerarium
959 427 1076 497 inlatae,

110 522 144 576 et
155 513 242 576 militi
253 531 362 576 munus
374 511 439 574 dari
451 528 487 573 ex
498 511 608 592 praeda
620 519 651 573 et
662 509 840 590 stipendium
851 510 977 574 militare
991 531 1077 592 prae-

111 600 187 659 stari
206 598 359 678 potuisset
406 596 509 657 aedem
533 596 648 668 Quirini
670 594 829 664 dedicavit;
851 614 939 675 quam
960 597 993 657 in
1015 598 1104 676 ipsar

104 682 304 744 dimicatione
318 688 417 742 rotam
440 680 517 761 apud
536 681 686 741 neminem
707 687 838 740 veterem
860 686 1011 742 auctorem
1031 681 1076 742 in·

111 767 216 836 venio,
233 783 332 845 neque
341 763 463 826 hercule
475 771 534 825 tam
547 764 653 843 exiguo
664 772 798 842 tempore
811 764 955 843 perficere
965 765 1075 843 potuis·

112 856 173 911 set:
190 848 226 910 ab
243 848 386 910 dictatore
405 855 490 929 patre
508 854 604 909 votam
621 846 699 909 tilius
714 846 815 908 consul
832 848 976 910 dedicarit
991 865 1075 910 exor-
1205 908 1211 919 ,

113 934 253 1012 nevitque
270 933 398 993 hostium
417 931 532 1012 spoliis,
551 948 678 1012 quorum
692 939 773 992 muta
787 929 943 995 multitudo
960 932 1028 1003 luit,
1046 940 1105 994 utu

113 1033 178 1087 non
201 1014 341 1095 templum
363 1023 476 1078 tantum
497 1016 654 1096 lorumque
674 1017 893 1086 iisornaretur,
913 1015 966 1078 sed
989 1017 1076 1077 sociis

113 1100 205 1160 etiam
221 1097 390 1180 colonisque
407 1100 548 1161 finitumis
562 1099 599 1161 ad
617 1097 796 1179 templorum
815 1097 1007 1181 locorumque
1020 1117 1076 1180 pu·

113 1179 260 1243 blicorum
280 1191 417 1245 ornatum
438 1182 648 1245 dividerentur.
688 1181 725 1243 ab
744 1183 894 1262 triumpho
914 1185 1105 1245 exercitumt

113 1266 145 1326 in
166 1283 270 1345 agrum
286 1266 456 1336 Vescinum,
480 1268 548 1348 quia
568 1268 652 1347 regio
668 1284 702 1328 ea
722 1266 829 1328 infesta
843 1265 879 1327 ab
896 1266 1076 1329 Samnitibus

115 1358 194 1420 erat,
210 1350 400 1412 hibernatum
415 1349 506 1412 duxit.

174 1434 254 1495 inter
268 1433 341 1496 haec
354 1433 494 1496 Carvilius
508 1432 611 1497 consul
624 1435 655 1494 in
667 1433 785 1496 Etruria
797 1434 929 1496 Troilum
943 1435 1073 1515 primum
1085 1440 1118 1493 lu

114 1535 286 1597 oppugnare
308 1517 429 1579 adortus
449 1518 680 1598 quadringentos
703 1519 888 1597 septuaginta
907 1518 1074 1587 ditissimos,

115 1603 240 1681 pecunia
256 1601 361 1680 grandi
374 1609 489 1683 pactos,
511 1610 544 1664 ut
558 1601 640 1663 abire
655 1601 725 1663 inde
747 1601 865 1674 liceret,
881 1602 1004 1673 dimota
1026 1620 1074 1664 ce·
1085 1608 1116 1661 11

116 1698 209 1745 teram
230 1684 447 1748 multitudinem
469 1685 668 1766 oppidumque
692 1686 789 1765 ipsum
814 1688 841 1747 ri
869 1688 956 1768 cepit
1005 1685 1075 1748 inde

118 1769 246 1847 quinque
269 1769 386 1831 castella
410 1769 483 1832 locis
505 1771 561 1832 sita
579 1770 700 1832 munitis
715 1771 899 1850 expugnarit.
928 1788 1013 1833 caesa
1033 1769 1074 1831 ibi
1085 1778 1119 1830 12

116 1850 245 1913 hostium
263 1852 321 1914 duo
341 1853 422 1915 nriiia
444 1853 667 1934 quadringenti,
687 1855 786 1915 minus
809 1854 867 1916 duo
887 1853 967 1915 milia
988 1856 1074 1935 capti

114 1942 146 1995 et
161 1934 282 1998 Fafiscis
297 1955 401 2015 pacem
417 1936 586 2016 petentibus
600 1953 712 1997 annuas
726 1937 854 1998 indutias
869 1937 949 1998 dedit
972 1945 1076 2017 pactus

117 2027 234 2081 centum
254 2021 334 2082 milia
355 2023 450 2099 gravis
470 2022 547 2081 aeris
568 2029 597 2080 ct
619 2018 797 2098 stipendium
811 2022 874 2082 cius
889 2021 956 2081 anni
977 2020 1075 2083 militi·

116 2102 179 2165 bus.
210 2104 256 2164 iris
274 2103 363 2165 rebus
379 2105 450 2166 actis
461 2103 497 2165 ad
516 2103 698 2182 triumphum
710 2101 848 2172 decessit,
864 2103 1004 2164 aiminus
1016 2103 1074 2165 cia·
1088 2110 1119 2161 11

118 2204 184 2247 rum
201 2186 237 2247 de
253 2186 447 2258 Samnitibus,
470 2205 557 2267 quam
574 2185 704 2264 collegae
725 2185 892 2266 triumphus
905 2186 1016 2256 iuerat,
1037 2187 1077 2246 ita

116 2268 234 2330 cumulo
250 2271 365 2332 Etrusci
379 2270 448 2332 belii
466 2279 631 2351 aequatum.
671 2271 747 2332 aeris
769 2271 865 2349 gravis
885 2267 952 2331 tulit
972 2271 1004 2329 in
1026 2275 1119 2330 ere-1⁴

119 2353 228 2414 narium
243 2361 375 2416 trecenta
390 2357 537 2435 octoginta
553 2353 648 2425 milia;
671 2353 785 2434 reliquo
800 2372 869 2415 aere
886 2352 988 2415 aedem
1004 2353 1076 2414 For·

118 2437 155 2498 tls
170 2437 318 2514 Fortunae
333 2438 370 2501 de
384 2439 531 2501 manubiis
551 2436 716 2500 faciendam
737 2437 842 2500 locarit
861 2455 956 2519 prope
973 2436 1077 2499 aedem

118 2522 179 2583 eius
201 2522 273 2584 deae
295 2522 333 2584 ab
355 2541 427 2602 rege
443 2524 544 2586 Servio
563 2522 661 2584 Tullio
682 2522 845 2584 dedicatam
852 2541 860 2592 ;
882 2531 911 2584 et
931 2521 1074 2585 militibus
1086 2528 1117 2580 lo

119 2625 154 2666 ex
173 2606 282 2684 praeda
298 2615 438 2668 centenos
453 2608 539 2669 binos
558 2625 637 2670 asses
652 2616 681 2669 et
700 2606 825 2669 alterum
845 2614 958 2670 tantum
973 2615 1075 2670 centu·

119 2689 250 2750 rionilus
270 2698 357 2771 atque
378 2691 526 2772 equitibus
548 2692 729 2771 malignitate
751 2690 879 2771 collegae
908 2694 1019 2772 gratius
1041 2709 1077 2752 ac

120 2771 294 2848 cipientihus
316 2793 423 2837 munus
440 2777 545 2838 divisit.
578 2775 660 2836 lavor
684 2775 811 2837 consulis
833 2782 943 2837 tutatus
964 2776 1002 2837 ad
1021 2793 1074 2854 po·
1088 2781 1121 2831 111

120 2850 221 2930 pulum
241 2861 285 2914 eet
304 2856 337 2916 L.
359 2858 541 2921 Postumium
566 2858 695 2937 legatum
718 2860 797 2928 eius,
824 2860 874 2936 qui
894 2857 970 2917 dicta
993 2858 1077 2916 dica

121 2934 158 2994 itt.
174 2934 292 2996 ScantIo
317 2938 436 3001 tribuno
458 2943 552 3022 plebis
574 2942 691 3021 ingerat
710 2942 741 3001 in
763 2940 925 3016 legatione,
947 2946 980 3000 ut
1000 2938 1077 2999 lama

14 3071 16 3075 .
121 3016 247 3089 terebat,
269 3019 371 3099 populi
385 3022 539 3094 iudicium;
565 3026 728 3105 iactarique
753 3024 846 3102 magis
867 3040 955 3102 quarn
975 3024 1077 3101 peragi

121 3103 266 3164 accusatio
281 3106 344 3165 eius
359 3112 483 3183 poterat.

85 3244 87 3248 a
176 3185 285 3249 XLVII.
328 3187 438 3250 Exacto
464 3191 523 3250 iam
542 3206 620 3250 anno
648 3193 715 3252 nori
735 3191 846 3252 tribuni
870 3189 966 3270 plebis
985 3193 1103 3271 magi-1

120 3279 242 3332 stratum
269 3273 412 3344 inierant,
441 3274 545 3352 hisque
566 3273 651 3352 ipsis,
685 3276 752 3354 quia
779 3275 848 3335 vitio
869 3276 961 3336 creati
983 3284 1076 3347 erant,

121 3355 247 3436 quinque
259 3365 327 3438 post
342 3356 405 3419 dies
419 3356 467 3420 alii
484 3356 607 3419 suffecti.
646 3359 771 3423 lustrum
786 3357 937 3420 conditum
948 3378 984 3421 eo
999 3377 1076 3422 anno
1092 3371 1108 3422 2

122 3446 163 3500 cst
187 3457 204 3500 a
228 3439 261 3502 P.
289 3440 426 3507 Cornelio
445 3442 552 3505 druna
581 3442 612 3506 C.
634 3443 744 3505 Marcio
769 3441 867 3506 Rutilo
892 3443 1078 3506 censoribusz
