2575 4067
254 257 347 302 umen
360 260 390 301 x.
407 247 532 304 011113.
549 241 641 318 11.[0.
658 242 693 308 0.
707 249 767 307 218.
781 243 844 328 217]
963 251 1023 316 161

61 405 1067 560 11111111111111111111111111ι,

61 574 148 646 „dei
162 570 328 654 adprobent
334 581 353 605 “
366 574 461 654 inquit
473 581 492 646 ⁴„
498 574 577 656 quod
592 575 677 655 agitis
691 576 842 655 actrulque
856 578 940 649 estis,
955 579 1025 651 Qui·

60 660 154 720 ritas.
188 664 334 727 ceterum,
355 658 493 738 quonlam
513 660 544 720 in
563 675 626 730 me,
648 657 726 739 quod
741 675 792 721 vos
804 657 905 733 vultis,
920 661 1025 725 facturi

61 742 159 814 estis,
182 742 214 802 in
235 738 346 818 collega
363 741 403 802 sit
427 759 511 803 meae
526 742 603 822 apud
616 760 668 804 vos
683 743 794 822 gratiae
807 741 905 808 locus:
919 745 952 810 P.
970 745 1025 808 lle·
1033 754 1067 809 11

62 827 166 896 cium,
190 831 344 903 expertum
365 823 439 886 mibi
464 825 604 888 concordi
628 824 751 906 ccllcglo
772 828 881 900 virum,
904 828 1025 908 dignum

61 908 170 981 vobis,
189 907 310 987 dignum
324 915 448 987 parente
462 926 531 981 suc,
554 927 662 991 quaeso
682 927 799 973 mecum
817 911 966 975 consulem
980 912 1022 975 ia·

61 993 188 1054 ciatis.⁴‘
207 991 541 1071 iustasuliragatlovisa.
567 1011 756 1074 omnesquae
769 1003 1023 1077 supcrcrantceu·

60 1078 164 1138 turiae
180 1075 214 1148 Q.
229 1074 352 1137 Fabium
366 1075 400 1137 P.
415 1075 536 1139 Decium
556 1075 690 1140 consules
705 1077 814 1141 dixere.
828 1112 872 1130 -
886 1079 930 1142 llo
943 1088 1064 1142 11111011

60 1159 222 1241 plerisque
245 1158 308 1220 dies
328 1158 405 1220 dluta
425 1158 462 1220 ab
477 1158 632 1232 aedilibus,
654 1164 722 1242 qula
740 1160 821 1243 plus,
841 1180 929 1243 0111111
942 1164 1021 1244 quod

61 1242 135 1323 lege
149 1244 267 1306 linitum
282 1248 360 1315 erat,
375 1244 439 1322 agri
451 1243 649 1323 possiderent
686 1263 742 1308 nac
760 1247 913 1327 quisquam
928 1246 1022 1309 ierme

61 1336 110 1389 est
124 1333 284 1408 purgatus,
300 1325 506 1407 vinculumque
521 1329 626 1407 lugens
636 1328 800 1391 inmodicae
815 1328 965 1409 cupiditati
977 1331 1023 1393 in·

61 1413 179 1473 lectum
199 1418 252 1470 est.

128 1493 204 1557 xlv,
244 1493 384 1555 Consules
403 1496 470 1556 novi
493 1495 525 1567 Q.
548 1494 655 1558 Fabim
675 1496 817 1559 Maximus
839 1506 974 1576 quartum
995 1504 1048 1561 etl

61 1579 98 1640 P.
112 1579 223 1640 Decius
243 1577 308 1639 lius
328 1579 532 1640 tertium-cum
553 1580 631 1641 inter
648 1598 681 1641 se
702 1582 861 1661 agitarent,
881 1582 925 1642 uti
948 1580 1022 1645 altor

64 1662 218 1724 Samnites
234 1661 348 1733 hostes,
370 1660 443 1723 alter
462 1660 601 1724 Etruscos
615 1663 770 1743 deligeret,
791 1671 973 1746 quantaeque
991 1667 1050 1729 ina

64 1746 148 1807 banc
172 1744 274 1807 autin
298 1743 378 1806 illam
406 1745 586 1826 provinciam
605 1749 705 1829 copiae
726 1749 809 1820 satis,
840 1755 870 1810 et
895 1756 961 1812 uter
985 1750 1022 1812 ad

65 1839 170 1890 utrum
180 1827 290 1890 bellum
303 1828 361 1890 dux
370 1828 495 1890 idoneus
507 1831 600 1910 magis
612 1838 697 1903 esset,
713 1830 749 1893 ab
762 1832 861 1894 Sutrio
872 1840 902 1893 et
910 1832 1051 1913 Nepotes

66 1921 98 1975 et
119 1910 245 1975 Faleriis
270 1910 371 1991 legati,
393 1920 527 1975 auctores
547 1914 669 1977 concilia
689 1914 823 1977 Etruriae
845 1914 1022 1995 populorum

67 1997 106 2057 de
123 1997 253 2078 petenda
267 2012 341 2074 pace
354 1996 473 2067 haberi,
497 2002 587 2057 totam
606 1996 676 2059 belli
695 1996 804 2059 molem
823 1999 855 2058 in
870 1997 1022 2062 Samnium

66 2086 249 2142 averterunt.
276 2080 400 2158 proiecti
414 2078 557 2151 consules,
568 2097 626 2159 quo
638 2079 833 2159 expeditiores
843 2089 1049 2144 commeatusa

66 2171 172 2226 essent
192 2170 222 2224 et
244 2163 385 2225 incertior
410 2163 515 2234 bostis,
541 2179 597 2243 qua
620 2170 775 2224 venturum
801 2160 911 2225 bellum
936 2165 1021 2237 10101,

66 2247 181 2310 Fabius
206 2264 260 2325 per
280 2246 438 2318 Soranum,
467 2246 571 2308 Decius
596 2265 651 2326 per
674 2244 837 2308 Sidicinum
861 2262 964 2325 agrum
990 2249 1022 2307 in

67 2330 227 2393 Samnium
246 2329 376 2411 legiones
396 2331 514 2391 ducunt.
546 2328 598 2391 ubi
617 2332 649 2392 in
668 2329 795 2392 hostium
814 2328 887 2390 lines
904 2336 1051 2392 rentumt

70 2422 133 2484 est,
148 2421 268 2493 uterquc
281 2413 504 2494 populabundus
524 2414 614 2476 eiiusc
634 2414 750 2494 agmine
768 2412 887 2475 incedit.
923 2411 1021 2493 explo-

69 2503 142 2558 rant
159 2504 255 2558 tamen
274 2496 359 2560 latius
378 2516 465 2579 quam
481 2497 667 2578 populantur.
705 2498 794 2577 lgltur
810 2514 871 2559 uon
889 2494 1052 2559 ieicllered

69 2582 107 2642 ad
122 2580 276 2642 Tifernum
296 2582 395 2643 hostes
419 2583 451 2644 in
471 2579 584 2644 occulta
603 2580 677 2645 valle
696 2582 845 2653 instructi,
871 2599 958 2664 quam
976 2582 1021 2644 in·

71 2683 189 2744 gressus
202 2664 350 2727 Romanos
364 2668 514 2746 superiore
530 2684 566 2728 ex
582 2666 647 2729 loco
668 2665 777 2729 adoriri
789 2664 941 2747 parabant.
967 2664 1049 2729 Fui

70 2747 137 2811 blus
157 2750 365 2829 inpedimentis
383 2752 413 2810 in
435 2749 532 2811 locum
552 2758 647 2813 tutum
673 2751 793 2813 remotis
817 2749 1022 2832 praesidioque

70 2834 189 2894 modico
211 2833 351 2913 inposito,
373 2835 562 2913 praemonitis
585 2833 725 2896 militibus
749 2835 851 2896 adesse
874 2841 1023 2896 certamen

72 2915 214 2995 quadrato
231 2918 346 2995 agmine
363 2917 399 2978 ad
415 2918 579 2997 praedictas
592 2918 721 2979 bostium
738 2915 866 2979 latebras
882 2915 1020 2978 succedit

72 3000 218 3061 Samnites
228 2999 381 3079 desperato
395 3002 542 3082 inproviso
552 3000 693 3071 tumultu,
708 2997 824 3080 quando
837 3000 869 3059 ln
883 3005 1051 3079 apertumt

70 3081 164 3144 semel
179 3083 337 3145 discrima
352 3102 471 3147 erasme
492 3094 569 3148 esset
587 3103 651 3158 res,
676 3088 706 3145 et
724 3082 782 3163 lpsi
795 3081 857 3143 acie
869 3082 946 3144 iusta
959 3098 1020 3142 ma·

70 3165 192 3229 luerunt
203 3185 389 3230 concurrere.
419 3169 516 3248 ltaque
530 3171 562 3229 in
572 3185 696 3250 aequum
715 3164 896 3229 descendunt
911 3184 944 3228 ac
960 3166 1020 3226 lor·

71 3258 160 3313 tunae
177 3270 210 3314 sc
227 3253 339 3314 maiore
360 3252 457 3314 animo
477 3269 564 3332 quam
584 3269 637 3332 spe
654 3252 847 3313 committunt
880 3255 1049 3320 cctcmm,t

70 3331 959 3500 ilidiitalffiblillmmilimltlnm
971 3352 1019 3478 lt:

70 3518 138 3564 rum
160 3502 285 3582 augebat
308 3504 435 3576 animos,
460 3502 638 3585 aliquantum
659 3509 760 3585 aperta
781 3520 896 3583 quoquc
923 3519 1020 3584 pugna

113 3619 139 3654 r.
157 3618 307 3660 11111110
325 3620 358 3660 11.
780 3593 818 3655 11
