2575 4067
208 193 269 254 252
392 205 485 246 amna
495 205 559 245 xxr.
574 204 642 245 ona.
658 192 702 243 bu.
715 193 759 245 57.
775 182 815 263 [a.
831 207 861 245 u.
877 207 903 244 c.
921 186 983 264 536]

182 352 320 412 etlumen
334 351 417 420 iecit,
432 351 666 429 transgressique
680 351 818 411 incasura
832 357 1039 429 pervenerunt.
1071 349 1181 410 imber

209 437 275 496 nire
292 437 399 496 mixtus
415 445 444 495 et
463 433 647 496 intoleranda
661 434 704 493 ris
723 434 843 512 frigoris
857 442 887 493 et
906 433 1040 493 homiues
1058 432 1181 494 mrrltos

182 527 238 579 tet
258 519 389 580 iumenta
409 527 438 579 et
459 517 630 596 elephantos
651 535 744 596 prope
764 518 860 578 omnis
880 515 1051 596 absumpsit,
1102 517 1180 576 finis

208 601 381 681 insequendi
404 601 497 662 hostis
519 600 753 681 Poenisllumen
775 600 883 661 Trebia
903 598 971 669 init,
994 607 1023 658 et
1043 600 1085 659 ita
1105 607 1179 660 tor-

185 693 313 765 -pentes
333 680 720 764 gelasin'cast'rasrediere',
745 693 780 747 ut
798 686 855 744 iix*
868 682 1009 744 laetitiam
1028 684 1179 744 victoriae

181 764 1044 851 usen‘tirent.iitaqubuecte'ins‘equenticumpraesidium
1056 775 1178 826 castro-

1282 394 1285 507 l

209 869 277 915 runt·
291 859 321 912 et
332 851 419 931 'qudd
430 846 555 911 relicum
569 852 789 915 soudorum‘ex
809 854 914 927 magna
935 858 1019 929 parte
1041 848 1175 913 rnilitum
1283 852 1284 855 ’

181 943 272 1011 uerat
286 930 397 995 ratibus
408 934 545 999 Trebiam
569 933 741 1003 traicerent,
755 942 817 994 aut
831 932 904 993 nihil
918 950 1038 995 sensere
1053 932 1176 993 obstre-

108 1026 110 1029 '
167 1056 169 1060 ι
192 1055 193 1058 =
211 1027 301 1096 pente
314 1017 409 1098 pluvia
426 1025 488 1087 aut,
506 1019 573 1096 quia
585 1018 643 1078 iam
658 1016 778 1085 moreris
784 1016 945 1095 nequibant
958 1035 1036 1094 prae
1053 1015 1175 1076 lassitu-

128 1174 131 1180 ,
212 1102 281 1162 dine
297 1118 332 1162 ac
346 1100 531 1169 vulneribus,
546 1101 656 1161 sentire
675 1118 740 1161 sese
754 1098 987 1170 dissimularunt,
1003 1101 1174 1179 quietisque

166 1186 168 1191 '
209 1186 315 1246 Poenis
331 1187 419 1246 tacito
431 1186 546 1264 agmine
556 1183 594 1245 ab
607 1185 744 1262 Scipione
756 1182 876 1245 consule
888 1185 1034 1243 exercitus
1045 1181 1169 1244 Placen·

210 1270 280 1331 ham
302 1276 346 1330 est
365 1268 539 1350 perductus,
554 1267 635 1328 ‘inde
656 1266 736 1327 Pado
757 1268 897 1327 traiectus
916 1267 1110 1335 Cremonam,
1134 1284 1173 1326 ne

163 1417 166 1421 ,
211 1352 336 1414 duorum
352 1354 532 1414 exercituum
549 1351 683 1411 hibernis
697 1368 756 1410 una
771 1349 885 1411 colonia
901 1358 1099 1429 premeretur.

19 1458 22 1462 ’
83 1470 86 1476 ·
185 1444 196 1495 l
273 1436 356 1497 LVlI.
404 1436 527 1496 Romam
553 1443 651 1495 tantus
677 1443 774 1494 terror
794 1452 830 1494 ex
855 1433 911 1493 hac
933 1432 1016 1493 clade
1036 1432 1172 1512 perlatus

211 1528 270 1589 est,
293 1527 326 1579 ut
345 1520 403 1579 iam
419 1518 456 1578 ad
472 1516 577 1578 urbem
589 1519 751 1578 Romanam
767 1516 924 1577 crederent
941 1517 1055 1577 infestis
1077 1519 1173 1594 signis

210 1601 325 1661 hostem
338 1608 509 1670 venturum,
526 1618 581 1660 nec
596 1602 750 1680 quicquam
765 1601 826 1679 spei
838 1607 888 1660 aut
898 1599 996 1662 auxilii
1013 1618 1094 1670 esse,
1110 1619 1173 1679 quo

184 1693 228 1742 aa
243 1684 337 1760 portis
354 1682 566 1763 moenibusque
580 1684 636 1744 rim
652 1691 802 1745 arcerent:
823 1701 884 1744 uno
900 1682 1020 1744 consule
1038 1683 1076 1743 ad
1092 1683 1172 1744 Tici-

211 1782 281 1826 num
298 1766 387 1835 ricto,
404 1764 528 1826 alterum
544 1784 580 1827 ex
595 1767 692 1828 Sicilia
707 1774 890 1836 revocatum;
912 1766 1026 1828 duobus
1041 1766 1170 1828 consuli·

211 1848 280 1919 bus,
297 1847 412 1909 duobus
423 1848 627 1911 consularibus
637 1849 815 1911 exercitibus
828 1852 924 1920 victis,
941 1869 1016 1929 quos
1031 1850 1104 1912 alios
1115 1851 1167 1912 du

184 1941 275 2005 aces,
296 1951 369 2013 quas
383 1933 454 1995 alias
474 1933 605 2013 legiones
621 1952 700 2004 esse,
720 1952 795 2013 quae
809 1935 1012 1995 arcessanturl
1042 1934 1086 1994 lta
1106 1942 1171 1995 ter·

210 2019 274 2077 ritis
296 2017 487 2097 Sempronius
512 2017 615 2079 consul
640 2017 766 2079 advenit
818 2019 930 2095 ingenti
956 2016 1089 2097 periculo
1116 2036 1170 2096 per

211 2101 318 2163 effusos
338 2103 446 2181 passim
468 2102 505 2164 ad
530 2101 732 2181 praedandum
759 2101 886 2162 hostium
909 2102 1022 2179 equites
1047 2102 1171 2161 audacia

211 2187 304 2265 magis
320 2204 406 2265 quam
422 2183 545 2246 consilio
556 2192 606 2245 aut
618 2203 671 2263 spe
689 2183 809 2244 fallendi
828 2183 1038 2254 resismndire,
1059 2186 1085 2244 si
1107 2202 1171 2245 nnn

185 2267 338 2339 sialleret,
354 2276 570 2346 uansgressus,
584 2268 628 2338 id,
646 2268 724 2347 quod
734 2286 826 2328 unum
840 2270 966 2328 maxime
980 2269 1012 2328 in
1027 2285 1171 2346 praeseu-

211 2353 250 2413 tia
279 2351 517 2421 desiderabatur,
550 2353 676 2414 comitiis
702 2350 906 2412 consularibus
929 2351 1035 2412 habitis
1064 2352 1097 2412 in
1123 2352 1171 2412 hi·

135 2461 138 2464 ·
158 2431 160 2436 ’
211 2433 414 2495 berna'rediit.
444 2436 537 2496 creati
548 2434 683 2496 consules
694 2436 746 2496 Cn.
759 2432 898 2495 Servilius
911 2443 940 2494 et
951 2435 982 2495 C.
995 2435 1170 2496 Flaminius.
1283 2468 1284 2499 r

182 2523 198 2572 u
272 2517 409 2578 Ceterum
431 2536 469 2577 ne
493 2517 618 2578 hiberna
637 2518 757 2596 quidem
780 2516 919 2578 Romanis
945 2520 1044 2596 quieta
1071 2529 1169 2588 eraut,
1283 2566 1284 2595 ,

183 2672 184 2676 Ἰ
212 2598 383 2676 vagantibus
405 2602 513 2676 passim
534 2599 668 2660 Numidis
689 2600 835 2678 equitibus
857 2610 899 2672 et,
925 2612 958 2662 ut
978 2621 1112 2682 quaeque
1132 2605 1171 2663 ihs
1283 2600 1284 2623 l

210 2679 394 2760 impeditiora
416 2690 514 2751 erant,
536 2681 690 2743 Celtiberis
705 2683 919 2764 Lusitanisque.
959 2704 1062 2745 omnes
1077 2687 1171 2763 igitur

103 2796 105 2801 ·
210 2764 339 2844 undique
366 2762 658 2827 clausicommeatus
679 2776 777 2841 erant,
810 2769 867 2828 nisi
885 2786 959 2848 quos
977 2768 1058 2830 Pado
1079 2787 1171 2830 nares
1214 2804 1219 2815 ·
1283 2754 1284 2761 ἵ

61 2848 64 2853 ’
180 2848 414 2911 tsubveher'ent.
452 2849 617 2928 emporium
637 2869 731 2930 prope
751 2851 930 2913 Placentiam
954 2852 1009 2913 ruit
1029 2861 1059 2915 et
1077 2870 1170 2932 opere

118 2943 122 2948 ’
210 2951 316 3013 magne
330 2935 475 2994 munitum
488 2941 517 2994 et
528 2932 622 2995 valido
637 2935 784 2995 firmatum
801 2936 957 3013 pracsidio.
985 2938 1047 2997 eius
1057 2934 1170 2996 castelli

210 3018 396 3097 expugnandi
416 3035 468 3096 spe
484 3035 551 3078 cum
566 3017 712 3097 equitibus
733 3036 767 3078 ac
786 3016 843 3080 levi
856 3030 1004 3081 armatura
1017 3019 1171 3099 proiectus
1283 3082 1284 3087 ,

209 3100 370 3171 Hannibal,
393 3119 460 3162 cum
481 3100 641 3179 plurimum
658 3102 690 3160 in
706 3100 828 3163 celando
849 3104 964 3183 incepto
980 3103 1017 3163 ad
1032 3103 1169 3163 ellectum

183 3187 272 3264 rspei
291 3184 457 3254 habuisset,
479 3191 566 3244 nocte
585 3185 706 3245 adortus
728 3202 788 3244 non
806 3184 910 3247 ieiellit
930 3185 1041 3265 vigiles.
1070 3193 1171 3245 tantus

208 3277 331 3346 repente
346 3268 457 3330 clamer
474 3276 519 3328 est
535 3266 679 3338 sublatus,
695 3277 728 3329 ut
738 3267 904 3331 Placentiae
919 3288 1036 3350 quoque
1051 3268 1170 3331 audire·

208 3358 266 3411 tur.
296 3353 395 3432 itaque
416 3350 470 3412 sub
492 3350 589 3412 lucem
608 3370 674 3412 cum
691 3353 821 3430 equitatu
836 3352 939 3413 consul
961 3353 1063 3414 aderat
1082 3352 1170 3412 iussis

181 3432 350 3504 aqnadrato
366 3435 482 3510 agmine
493 3432 658 3511 legionibus
674 3437 765 3513 sequi.
796 3446 931 3514 equestre
947 3437 1065 3496 interim
1080 3452 1168 3512 proe-
