2575 4067
243 258 337 301 mro
350 258 440 304 xxm.
456 256 524 302 em.
540 247 582 301 ee.
600 247 644 300 11.
662 237 702 320 [a.
718 239 830 322 11111]
952 233 1014 308 111

62 408 96 478 0.
107 404 251 476 blucium,
267 406 318 485 qui
332 406 520 469 successisset
535 405 604 478 sibi,
621 406 762 484 gravitate
773 404 846 467 caeli
857 424 1014 487 aquarum·

61 507 119 569 que
130 487 333 551 advenientem
347 498 515 569 exceptum,
528 508 589 552 non
600 490 704 551 tamin
716 488 914 569 periculosum
925 509 1013 571 quern

61 589 182 650 longum
193 571 330 634 morbum
343 573 522 652 inplicitum,
538 575 588 636 dlu
600 572 636 634 ad
651 570 722 634 belli
732 574 833 635 munia
843 574 1013 634 sustinenda

61 655 194 717 inutilem
208 655 286 729 iore,
303 658 524 738 exercitumque
545 658 587 720 ibi
601 666 634 718 ut
658 659 728 720 satis
751 659 869 719 lirnium
891 665 1011 737 pacatae
1025 666 1057 716 11

60 740 229 819 provinciae
240 740 406 819 praesidem
416 758 490 813 esse,
502 744 542 803 lta
552 744 697 822 imparem
709 740 796 810 bello,
811 740 891 822 quod
901 748 1014 801 motum

60 824 98 883 iri
112 823 276 894 rideretur,
298 823 493 887 decreverunt
511 834 625 904 patres,
651 834 684 886 11
706 822 1056 896 deuteuronomii

22 933 25 939 ·
61 908 191 986 quinque
208 905 289 968 milla
309 908 457 987 peditum,
484 909 717 988 quadringentos
739 910 852 989 equites
871 906 1016 968 scriberet

59 1008 185 1070 eantque
209 989 357 1068 legionem
384 994 481 1071 primo
506 1011 623 1073 quoque
644 1000 778 1072 tempore
797 994 829 1052 ln
848 991 1013 1053 Sardiniam

60 1073 251 1136 traiciendam
266 1083 397 1144 1111111,
421 1078 610 1157 mitteretque
626 1095 694 1138 cum
703 1077 833 1155 imperio
848 1093 937 1156 quem
957 1074 1014 1154 ipsi
1024 1078 1058 1130 11

59 1156 222 1228 rideretur,
235 1160 360 1239 quirem
372 1160 732 1240 gereret,quoadblucius
744 1158 947 1221 convaluisset.
976 1156 1013 1219 ad
1025 1163 1057 1216 lo

60 1259 127 1303 eam
140 1259 204 1301 rem
218 1243 325 1304 missus
341 1251 386 1305 est
400 1244 434 1304 T.
451 1243 575 1306 Manlius
589 1245 764 1324 Torquatus,
785 1245 836 1323 qui
849 1242 895 1305 bis
912 1240 1015 1304 consul

61 1331 91 1385 et
106 1341 212 1385 censor
226 1324 324 1388 fuerat
344 1325 558 1407 subegeratque
575 1330 607 1389 in
629 1326 783 1390 consulatu
798 1327 916 1389 Sardos.
957 1323 1012 1386 sub
1025 1329 1057 1382 11

60 1407 140 1469 idem
164 1408 228 1469 lere
250 1416 367 1489 tempus
387 1418 417 1472 et
439 1429 455 1472 1
477 1411 655 1490 Cartbagine
675 1414 705 1472 in
727 1410 892 1473 Sardiniam
914 1408 1015 1471 classis

60 1494 148 1553 missa
163 1492 237 1554 duee
254 1492 451 1565 Hasdrubale,
474 1497 521 1555 cui
536 1493 621 1558 Calvo
638 1513 804 1575 cognomen
829 1502 908 1569 erat,
928 1492 1014 1555 foeda

62 1583 234 1654 tempestate
255 1586 355 1640 vexata
371 1577 408 1639 ad
421 1577 551 1640 Balearis
569 1579 680 1641 msulae
695 1579 836 1650 deicitur,
857 1576 1011 1658 ibique-
1026 1583 1056 1633 11

62 1658 135 1720 adeo
151 1678 211 1720 non
225 1670 407 1722 armamenta
420 1661 523 1733 modo,
541 1663 594 1725 sed
607 1665 695 1725 etlam
710 1661 784 1725 alvei
798 1663 916 1723 narium
928 1678 1014 1742 quas·

61 1744 116 1803 sati
129 1751 214 1804 erant
228 1779 266 1789 -
279 1744 440 1805 subductae
452 1764 540 1808 naves
552 1746 622 1808 dum
633 1748 819 1817 reficiuntur,
833 1744 1013 1826 aliquantum

60 1829 204 1905 temporis
222 1829 376 1888 triverunt.

124 1908 236 1971 XXXV.
266 1911 300 1971 ln
316 1909 397 1971 ltalia
413 1928 480 1971 cum
499 1919 567 1990 post
582 1913 766 1973 Cannensem
787 1930 933 1992 pugnam,
954 1911 1013 1972 lra-
1027 1916 1041 1968 1

62 1995 118 2056 ctis
132 1995 224 2080 partis
240 1993 360 2055 alterius
370 1993 496 2065 viribus,
517 1993 637 2055 alterius
649 1993 768 2056 mollitis
779 1996 884 2055 animis
895 1996 1014 2072 segnius

62 2075 173 2138 bellum
188 2085 280 2149 esset,
303 2079 444 2157 Campani
463 2095 518 2157 per
535 2096 567 2140 se
582 2077 678 2139 adorti
692 2085 760 2139 sunt
774 2095 838 2138 renr
853 2078 1042 2140 Cumannm²

61 2179 133 2222 suae
150 2161 274 2222 dicionis
289 2162 402 2234 iacere,
423 2163 520 2242 primo
543 2161 747 2232 sollicitantes,
770 2169 804 2222 nt
822 2159 859 2222 ab
875 2159 1016 2222 Romanis

62 2241 238 2315 deficerent3
259 2244 310 2306 ubi
329 2245 359 2306 id
377 2264 482 2325 parum
497 2247 655 2327 prooessit,
680 2244 779 2306 dolum
799 2243 835 2304 ad
858 2240 1016 2323 capiendos

62 2338 317 2474 tinniit,
327 2325 1044 2492 tiidptdiilltsldntilid

63 2496 210 2558 Cumanos
229 2497 366 2558 iecerunt
392 2499 612 2577 petieruntque,
639 2503 721 2558 utet
742 2495 890 2557 Cumanus
913 2511 948 2555 eo
968 2509 1015 2552 se·

62 2587 149 2640 natus
170 2583 284 2642 veniret
304 2580 341 2642 ad
367 2578 592 2643 consultandum
612 2580 823 2649 communiter,
849 2588 881 2639 ut
896 2575 1016 2638 eosdem

61 2671 188 2743 uterque
203 2665 329 2745 populus
340 2667 436 2728 socios
450 2667 608 2747 hostesque
623 2663 761 2727 haberet:
780 2661 960 2743 praesidium
974 2659 1044 2721 11114

63 2756 210 2809 umatum
225 2766 257 2809 se
278 2748 447 2822 babituros,
469 2748 593 2830 nequid
614 2748 650 2810 ab
667 2750 800 2811 Romano
815 2747 951 2809 Poenove
964 2762 1015 2824 pe·

62 2829 150 2890 riculi
165 2837 251 2890 esset.
284 2832 421 2902 Cumani,
437 2850 614 2912 quamquam
628 2840 764 2911 suspecta
780 2831 862 2890 iraus
877 2836 955 2896 erat,
971 2829 1015 2886 ni·

61 2911 104 2972 bil
119 2910 264 2983 abnuere,
286 2914 327 2973 ita
345 2916 406 2992 tegi
427 2913 514 2974 lallar
529 2912 684 2973 consilium
698 2931 787 2992 posse
804 2913 870 2973 rati.
898 2909 1045 2970 interime

61 2997 107 3059 Ti.
125 2994 318 3074 Sempronius
339 2995 441 3057 consul
454 2998 604 3060 Romanus
619 2996 790 3065 Sinuessae,
814 3011 872 3075 quo
894 2991 931 3054 ad
945 3009 1016 3053 eon·

61 3078 240 3142 veniendum
258 3079 336 3141 diem
349 3079 497 3151 edixerat,
520 3080 652 3140 exercitu
672 3078 795 3141 lustrato
815 3085 1018 3155 tramgressus

62 3165 238 3227 Volturnum
252 3163 362 3225 flumen
378 3165 457 3226 circa
467 3164 620 3226 biternum
635 3163 733 3242 posuit
748 3169 853 3222 castra.
889 3158 931 3220 lbl
950 3159 1047 3238 quiae

62 3252 156 3311 otiosa
173 3249 276 3310 stativa
292 3256 391 3320 erant,
408 3247 515 3309 crebro
531 3247 691 3309 decurrere
705 3245 813 3307 milites
827 3242 965 3323 cogebat,
985 3249 1019 3302 nt

61 3335 173 3395 tirones
184 3367 226 3377 —
237 3351 272 3394 11
286 3335 414 3395 maxima
424 3350 493 3412 pars
504 3329 644 3393 volonum
656 3338 742 3392 erant
755 3364 796 3374 -
811 3328 1019 3391 adsuescerent

59 3417 145 3496 signa
159 3419 243 3497 sequi
258 3420 333 3480 etin
349 3419 412 3480 1111
427 3434 589 3496 agnoscere
605 3414 726 3476 ordlnes
740 3431 818 3475 euos.
851 3413 930 3473 lnter
943 3414 1046 3491 quaet

62 3503 188 3563 maxima
205 3510 269 3564 1111
289 3521 361 3566 cura
381 3501 463 3572 duci,
483 3502 582 3579 itaque
601 3498 707 3578 legatis
728 3498 912 3577 tribunisque
932 3510 1018 3576 prae·

748 3584 813 3648 23*
