2575 4067
244 255 306 317 214
424 265 518 308 arnna
531 265 595 307 xxx.
612 264 681 307 oar.
698 251 740 306 11.
755 250 797 305 12.
814 241 855 324 [1.
869 266 901 305 u.
918 265 944 304 1.
961 239 1024 324 bad]

244 413 467 496 abeam,
494 430 550 492 qua
570 411 748 490 patefactum
769 409 910 489 oppidum
932 409 1026 470 ruinis
1045 417 1127 481 erat,
1163 428 1222 470 re·

216 498 377 558 elicerent.
418 494 488 559 inde
510 496 688 575 oppugnatio
712 512 763 555 eos
784 492 933 573 aliquanto
959 493 1089 553 atrocior
1113 510 1220 572 quam

243 587 311 643 ante
326 578 429 640 adorta
451 587 511 655 est3
531 596 602 648 nec,
622 595 680 657 qua
702 579 832 658 primum
847 583 898 637 aut
920 577 1106 656 potissimum
1117 585 1221 654 parte

244 664 358 724 terrent
380 680 483 741 opem,
506 681 575 724 oum
595 661 695 723 omnia
719 661 806 722 variis
828 657 1007 721 elamoribus
1024 666 1218 740 streperent,

214 747 312 808 isatis
340 747 417 806 scire
437 751 584 824 poterant.
623 745 687 823 ipse
709 742 871 814 Hannibal,
894 761 952 822 qua
972 743 1064 804 turris
1083 741 1218 803 mobilis

243 829 341 891 omnia
355 830 537 890 munimenta
547 827 630 890 urbis
645 844 787 906 superans
799 825 953 888 altitudine
965 824 1116 905 agebatur,
1132 825 1215 887 bor·

243 920 321 974 tator
335 911 447 974 aderat.
480 930 555 992 quae
567 928 634 972 oum
650 910 767 971 admota
783 908 937 990 catapultis
951 908 1135 989 ballistisque
1150 927 1213 988 per

214 996 339 1056 81111111
350 993 478 1057 tabulata
490 995 637 1074 dispositis
648 1011 749 1055 muros
757 993 961 1055 defensoribus
973 992 1122 1063 nudasset,
1139 1000 1211 1055 tum

242 1075 389 1139 Hannibal
411 1079 596 1139 occasionem
617 1084 700 1138 ratus
715 1077 891 1156 quingentos
915 1076 1111 1137 1111111111
1135 1093 1210 1137 cum

244 1160 372 1222 dolabris
391 1161 429 1222 ad
445 1159 647 1223 subruendum
661 1159 698 1220 ab
717 1162 777 1221 imo
796 1178 915 1222 murum
935 1160 1033 1221 mittit
1065 1177 1122 1220 nec
1138 1168 1210 1220 erat

244 1243 361 1305 difficile
376 1263 463 1325 opus,
479 1245 559 1326 quod
574 1250 726 1305 momenta
741 1261 802 1305 nou
816 1242 897 1304 emes
911 1243 1015 1305 durata
1031 1250 1132 1314 erant,
1149 1243 1208 1304 sed

213 1326 372 1388 1111111111
394 1328 456 1389 luto
475 1335 640 1390 structurae
668 1328 804 1407 antiquae
829 1344 948 1406 genere.
983 1327 1082 1406 itaque
1101 1325 1205 1395 latius,

243 1429 331 1491 quam
346 1429 404 1490 qua
424 1413 612 1483 caederetur,
628 1409 746 1481 ruebat,
763 1428 876 1490 perque
893 1411 1024 1489 patentia
1039 1410 1135 1471 ruinis
1149 1427 1205 1489 ag·

202 1504 235 1556 la
243 1495 323 1555 mina
339 1504 520 1557 armatorum
537 1497 569 1556 in
582 1494 688 1555 urbem
706 1493 860 1556 radebant
890 1493 988 1554 locum
1004 1511 1121 1574 quoque
1137 1493 1202 1554 edi·

242 1585 306 1638 tum
320 1578 454 1656 cap1unt,
476 1578 657 1657 conlatisque
671 1595 706 1638 11
723 1575 876 1659 catapultis
890 1575 1087 1657 ballistisque,
1103 1584 1137 1639 ut
1150 1594 1203 1638 ea-

243 1664 361 1725 stellum
380 1663 412 1722 in
433 1663 497 1740 ipsa
517 1660 592 1723 urbe
612 1660 692 1722 velut
709 1679 807 1721 arcem
826 1662 1019 1723 inminentem
1045 1659 1200 1731 baberent,

243 1763 329 1807 muro
351 1729 573 1887 circumdantp
589 1750 618 1803 11
639 1744 793 1821 Saguntini
817 1762 935 1831 Qm
968 1745 1139 1828 infixionem
1159 1743 1230 1804 ab<

205 1837 231 1887 11
244 1828 375 1890 nondum
394 1833 479 1907 capta
507 1845 544 1907 pa
574 1844 591 1887 e
613 1826 696 1888 urbia
713 1828 833 1889 ducunt.
868 1829 1017 1908 utrimque
1038 1845 1151 1888 summa
1169 1828 1199 1887 11

244 1922 275 1974 11
292 1913 429 1975 muniunt
450 1917 478 1971 et
505 1917 654 1990 pugnant:
679 1911 732 1971 sed
758 1913 900 1973 interiora
917 1911 1028 1972 1111111
1053 1912 1198 1972 minorem

201 2003 233 2055 la
244 1997 275 2057 in
290 1996 353 2057 dies
370 1994 475 2057 urbem
491 1995 645 2073 Saguntini
659 1994 778 2057 iaciunt.
806 1993 894 2056 simul
904 1996 1012 2056 erescit
1022 1995 1121 2074 inopia
1135 2012 1196 2055 om·

242 2082 324 2142 nium
335 2079 424 2160 longa
436 2078 589 2140 obsidione
603 2085 632 2139 et
642 2079 783 2139 minuitur
798 2080 960 2158 expectatio
971 2086 1110 2139 externae
1124 2078 1195 2156 opis,

242 2182 310 2226 cum
325 2171 386 2225 tam
397 2162 501 2243 procul
516 2162 655 2232 Romani,
670 2162 757 2222 unica
769 2180 851 2240 spes,
864 2163 942 2223 circa
954 2163 1053 2223 omnia
1069 2161 1193 2223 bostium

202 2254 232 2306 13
243 2257 350 2310 essent.
381 2246 532 2326 paulisper
546 2253 647 2307 tamen
660 2245 791 2307 adiectos
802 2247 916 2307 animos
930 2247 1075 2306 recreavit
1089 2261 1188 2325 repen·

241 2334 301 2392 tina
315 2331 460 2411 profectio
474 2328 645 2391 Hannibalis
669 2331 699 2390 in
716 2327 860 2390 Oretanos
874 2330 1126 2409 Carpetanosque,
1146 2324 1191 2407 qu·

241 2415 300 2476 duo
315 2414 416 2494 populi
429 2412 551 2475 dilectus
565 2411 724 2474 acerbitate
741 2414 920 2475 consternati
938 2413 1061 2474 retentis
1076 2411 1192 2490 conqui-

240 2497 380 2558 sitoribus
400 2503 512 2558 metum
536 2495 710 2557 deiectionis
733 2514 800 2558 cum
819 2495 1037 2576 praebuissent,
1064 2495 1190 2574 oppressi

215 2579 391 2639 rceleritate
411 2577 583 2639 Hannibalis
602 2580 767 2640 omiserunt
792 2587 873 2641 mota
900 2598 992 2641 arma.
1035 2578 1095 2640 xit
1129 2576 1188 2636 Neo

240 2660 364 2737 Sagunti
389 2661 568 2739 oppugnatio
596 2663 716 2738 segnior
741 2671 805 2724 erat
826 2662 996 2726 llabarbale
1023 2658 1187 2724 Himilconis

238 2741 423 2804 filio-eum
434 2743 1187 2827 praefeceratllanuibal-italnpigreremagente,

213 2833 273 2889 aut
296 2825 401 2888 ducem
422 2825 525 2888 abesse
547 2844 603 2888 nec
625 2827 704 2889 cives
724 2847 780 2892 nec
800 2830 901 2892 hostes
925 2830 1079 2892 sentirent
1117 2827 1142 2887 is
1161 2835 1188 2888 et

237 2908 351 2992 proelia
367 2909 479 2993 aliquot
492 2911 620 2974 secunda
635 2912 720 2985 iecit,
743 2922 772 2976 et
788 2914 883 2976 tribus
903 2912 1044 2976 arietibus
1064 2910 1188 2992 aliquan

237 3003 301 3059 tum
315 2996 394 3058 muri
408 2997 558 3069 discussit,
576 3004 727 3077 strataque
739 2999 838 3059 omnia
852 2997 1022 3061 recentibus
1035 2997 1129 3059 11111111
1141 2993 1186 3056 ad·

194 3087 228 3153 ,a
239 3082 369 3142 1111111111
385 3080 541 3142 Hannibali
563 3079 702 3141 ostendit
740 3082 840 3162 itaque
861 3082 900 3144 ad
919 3084 1016 3163 ipsam
1030 3095 1185 3141 1111111111·

236 3162 346 3244 templo
358 3163 462 3226 ductus
473 3165 628 3235 exercitus,
644 3173 787 3247 atroxque
797 3165 942 3246 proelium
953 3183 1021 3227 cum
1032 3155 1182 3225 1111111111

235 3249 384 3328 1111111111
400 3247 490 3310 caede
507 3249 613 3310 initum
628 3257 659 3312 et
672 3268 742 3329 pars
756 3251 833 3311 arcis
850 3257 935 3331 capta
949 3258 1004 3312 est

204 3339 224 3387 4
295 3331 450 3412 Temptata
462 3331 568 3393 deiude
585 3349 640 3411 per
652 3333 725 3395 duos
736 3341 782 3396 est
797 3334 900 3413 exigua
911 3335 993 3414 pacis
1008 3349 1093 3412 epm,
1108 3329 1185 3391 ilco·

233 3430 302 3474 nem
318 3413 511 3492 Saguntinum
531 3423 560 3476 et
573 3415 712 3478 Alorcum
726 3418 898 3498 Hispanum.
929 3416 1001 3479 blec
1022 3417 1122 3476 insciis
1138 3414 1185 3475 Sa·

231 3497 379 3572 gummis,
397 3498 536 3574 precibus
551 3498 661 3578 aliquid
673 3508 823 3563 moturum
833 3509 928 3572 ratus,
946 3518 1014 3562 cum
1030 3499 1070 3559 ad
1081 3497 1183 3559 Hanni·
