2575 4067
268 231 362 272 nmen
376 229 465 271 11111.
483 228 552 272 aar.
567 218 611 272 44.
629 216 671 268 ⁴5.
688 207 727 289 [a.
744 209 779 273 O.
794 203 854 289 alo]
981 210 1042 275 365

88 380 250 443 certamine
286 385 374 458 atque
406 377 532 438 inritatis
569 376 673 448 animis
711 377 741 435 ln
777 373 882 436 urbem
910 372 1043 445 Romani,

88 465 180 526 Poeni
201 464 232 523 in
254 468 350 524 castra
370 466 548 540 receperunt
567 477 647 521 sese:
670 477 739 520 nam
760 459 927 520 Poenorum
948 457 1044 536 prima

88 548 244 627 eruptione
258 543 388 628 perculsi
398 543 569 605 ceciderunt
579 543 658 605 haud
672 541 740 623 plus
750 560 838 623 quam
850 540 1043 610 trecautllio·

89 631 169 691 mani
189 630 408 710 quinquaginta.
451 626 547 688 imber
569 629 723 688 continens
744 644 798 707 per
819 630 937 685 noctem
952 627 1071 684 totamo

89 712 239 794 usquead
263 713 368 774 boram
394 711 511 773 tertiam
533 710 591 772 diei
613 710 794 790 insequentis
817 708 925 777 tanult;
947 707 1046 786 ltaque

88 814 266 878 quamquam
287 803 412 876 utraque
433 812 502 874 pars
522 795 599 855 avidi
621 794 790 856 certaminis
810 800 908 862 erant,
939 808 974 851 ao
998 790 1046 850 dia

88 887 249 942 tenuenmt
266 896 331 941 sose
353 888 452 940 tamen
472 879 673 941 munimentis.
717 879 803 939 tertio
831 875 879 936 (lie
900 871 1046 936 Hannibal

89 972 205 1045 partem
229 965 379 1043 copiarum
403 962 576 1042 praedatum
600 963 631 1022 in
658 979 761 1041 agrum
783 958 927 1022 Nolanum
958 957 1044 1017 misit.

89 1047 169 1127 quod
181 1046 232 1108 ubi
243 1046 446 1109 animadvertit
458 1044 623 1117 Marcellus,
636 1044 783 1125 extemplo
799 1046 829 1105 in
841 1043 935 1104 aciem
947 1042 1046 1120 copias
1058 1047 1073 1097 7

89 1130 205 1199 eduxlt;
231 1148 327 1211 neque
341 1127 487 1192 llaumbal
510 1129 690 1191 detractavit.
728 1127 808 1189 mille
830 1126 893 1187 iere
907 1142 1046 1205 passuum

89 1221 168 1275 mter
182 1213 289 1275 urbem
306 1222 392 1274 eraut
410 1219 576 1293 castraque:
597 1231 632 1273 eo
648 1213 742 1293 spatio
756 1245 798 1261 -
816 1217 845 1271 et
861 1217 930 1270 suot
947 1208 1046 1269 omnia

90 1299 187 1378 campi
199 1299 278 1358 circa
289 1295 681 1358 Nolam-concurrerunt.
704 1294 1076 1373 clamorexparteutra·8

89 1399 147 1461 que
162 1380 293 1442 sublatus
315 1382 465 1462 proximos
486 1397 523 1440 ax
543 1379 713 1441 cohortibus
735 1379 787 1449 iis,
808 1395 882 1459 quae
904 1377 935 1437 ln
957 1392 1046 1455 agros

89 1464 262 1543 praedatum
277 1465 422 1535 exierant,
438 1463 475 1525 ad
490 1464 636 1544 proelium
647 1465 705 1525 iam
722 1463 910 1525 commissum
927 1476 1045 1521 revoca·

13 1581 20 1593 ·
89 1549 140 1609 vit
164 1554 194 1608 et
210 1547 314 1609 Nolani
327 1549 421 1609 aciem
436 1547 598 1610 Romanam
620 1554 778 1617 auxerunt,
801 1563 875 1627 quos
890 1542 1075 1605 conlauda-0

91 1639 135 1692 tos
149 1630 304 1694 Marcellus
318 1633 350 1692 in
364 1630 502 1693 subsidiis
517 1639 596 1693 stare
612 1641 641 1693 et
655 1631 770 1694 saucios
791 1648 828 1692 ex
851 1629 915 1690 acle
939 1626 1046 1689 efferre

89 1713 186 1783 iussit,
203 1733 303 1795 pugna
321 1713 484 1783 abstinere,
501 1717 533 1774 ni
546 1715 583 1776 ab
599 1734 631 1776 se
647 1717 765 1794 signum
773 1714 971 1793 accepissent.

153 1797 235 1859 xlv.
265 1794 414 1859 Proelium
429 1805 493 1857 erat
509 1815 631 1877 anceps:
652 1817 765 1860 summa
780 1799 808 1859 vi
826 1806 856 1859 et
870 1797 959 1858 duces
976 1794 1072 1856 bor-i

91 1882 228 1945 tabantur
244 1890 273 1943 et
287 1879 394 1942 milites
408 1877 589 1959 pugnabant.
618 1880 774 1941 Marcellus
789 1882 871 1942 victis
888 1878 1045 1940 antediem

91 1967 226 2038 tertium,
247 1964 354 2044 iugatis
373 1970 441 2024 anie
460 1979 570 2042 paucos
589 1964 652 2024 dies
675 1964 819 2033 aCumis‚
838 1961 931 2042 pulsis
946 1964 1047 2039 priore

91 2067 168 2111 armo
194 2048 230 2110 ab
246 2047 320 2112 Nola
342 2045 410 2129 [ab]
437 2046 542 2108 eodem
569 2065 601 2108 se
626 2046 701 2108 duco
723 2043 816 2106 milite
837 2044 908 2114 alio,
936 2045 1047 2104 instare

91 2132 180 2195 iubet.
210 2149 270 2193 non
285 2132 380 2194 omnis
396 2148 460 2191 esse
475 2130 506 2191 in
522 2132 601 2200 acle,
616 2130 784 2209 praedantis
800 2128 899 2208 vagari
915 2128 946 2187 in
961 2132 1076 2205 agrem

61 2228 67 2236 ’
91 2225 120 2277 et
134 2217 186 2296 qul
199 2222 331 2295 pugnent
345 2232 479 2275 marcere
495 2214 642 2294 Campana
658 2213 787 2284 luxuria,
809 2212 877 2273 vino
894 2219 924 2272 et
941 2210 1047 2272 scortis

91 2297 285 2379 omnibusque
301 2297 401 2360 lustris
422 2316 477 2377 per
495 2304 586 2360 totam
608 2299 736 2359 hiemem
757 2296 917 2359 coniectos.
951 2293 1076 2356 abissai

91 2382 170 2444 illam
183 2383 241 2443 vim
256 2383 459 2461 rigoremque,
476 2379 588 2460 dilapsa
603 2399 668 2443 esse
683 2379 791 2442 robora
809 2397 967 2459 corporum
984 2379 1046 2441 ani·

90 2483 274 2546 morumque,
289 2464 396 2545 qulbus
408 2465 551 2543 Pyrenaei
561 2465 737 2545 Alpiumque
748 2471 886 2545 superata
898 2463 957 2524 siut
967 2463 1047 2542 iuga.

91 2549 229 2629 reliquias
239 2546 358 2610 illorum
372 2548 503 2610 virorum
514 2550 562 2611 vix
573 2567 654 2610 arma
670 2547 861 2628 membraque
876 2547 1054 2608 smunenrts

91 2649 235 2712 pugnare.
265 2632 393 2713 Capuam
411 2631 568 2694 Hannibali
585 2634 700 2694 Cannas
721 2633 819 2695 luisse.
852 2631 894 2693 ibi
910 2632 1076 2693 virtutema

90 2714 235 2785 bellicam,
250 2714 292 2776 ibi
306 2715 463 2777 militarem
475 2715 668 2797 disciplinam,
685 2716 727 2778 ibi
738 2717 890 2797 praeteriti
904 2716 1047 2795 temporis

91 2800 208 2870 lamam,
224 2796 265 2858 ibi
276 2817 360 2879 spem
373 2800 464 2860 luturi
477 2802 643 2861 extinctam.
669 2818 737 2861 cum
748 2801 822 2861 haec
839 2798 1075 2877 exprobrandae

90 2884 168 2944 bosti
182 2880 337 2944 Marcellus
350 2899 473 2942 suorum
494 2880 619 2943 militum
640 2883 755 2943 animos
772 2882 914 2959 erigeret,
935 2880 1046 2942 Hanni-

90 2965 140 3027 bal
154 2964 247 3027 multo
263 2962 445 3043 gravioribus
459 2963 578 3044 probris
590 2962 778 3043 increpabat:
801 2981 883 3026 arma
906 2964 1075 3044 signaqueo

91 3049 194 3112 eadem
218 3066 251 3109 se
273 3065 412 3118 noscere,
435 3065 510 3127 quae
527 3048 563 3108 ad
579 3048 718 3110 Trebiam
740 3048 1045 3127 Trasumennumque,

90 3140 241 3213 postremo
263 3131 301 3194 ad
315 3132 429 3195 Cannas
449 3131 555 3194 viderit
578 3131 788 3213 habueritque;
810 3129 933 3193 militem
958 3130 1046 3191 alium

91 3217 225 3298 proiecto
238 3234 271 3278 se
285 3217 317 3277 ln
330 3215 456 3279 hiberna
472 3217 600 3296 Capuam
623 3216 755 3288 duxissa,
779 3215 866 3279 allum
886 3215 955 3276 inde
975 3214 1046 3275 edu·

90 3302 178 3363 risse.
208 3299 401 3379 „legatumne
410 3302 581 3363 Romanum
598 3310 628 3363 et
641 3300 766 3380 legionis
781 3302 868 3363 unius
880 3305 966 3378 alque
982 3296 1072 3360 alaei

91 3402 198 3464 magno
214 3386 436 3447 contaminaris
457 3383 587 3447 toleratis
606 3403 751 3466 pugnam,
816 3401 850 3446 os
865 3382 954 3444 binae
968 3382 1046 3445 acles

90 3467 260 3531 consideres
270 3487 430 3553 numquam
447 3469 665 3533 sustinuerunt?
680 3470 778 3533 llarce
800 3486 835 3531 us
846 3467 943 3530 tirone
954 3464 1073 3530 mittes
