2575 4067
237 234 300 297 840
394 203 956 302 trasmundum.21,2t.[a.n.
975 229 1081 304 enda}
1134 211 1139 218 ⁴

239 393 353 474 expleta
374 391 528 454 consulere
555 392 673 454 sibimet
698 393 770 472 ipsis
792 393 824 454 ln
849 390 996 470 reliquum
1016 408 1077 468 pro
1107 409 1194 470 prae·

206 478 313 538 tsenti
329 479 447 538 fortuna
460 478 617 538 iusserunt.
648 477 722 538 baec
738 485 892 556 postquam
908 477 1076 535 renuntiata
1086 473 1194 552 legatio

237 560 376 622 Petelinis
395 568 454 630 ost,
482 566 581 620 tantus
603 568 727 639 repente
747 562 866 621 maeror
885 575 1034 637 pavorque
1057 567 1194 619 senatum
1256 563 1262 577 ⁴

238 662 340 705 eorum
356 644 447 723 cepit,
463 651 496 704 ut
509 660 578 722 pars
593 642 795 722 profugiendi,
814 659 870 721 qua
885 643 1008 720 quisquo
1024 650 1142 721 posset,
1161 660 1195 703 ac

209 727 418 788 edeserendae
432 724 514 787 urbis
526 736 663 788 auctores
678 733 791 795 essem,
812 743 895 803 pars,
918 723 1036 804 quando
1051 723 1164 785 deserti
1178 744 1195 785 a

238 810 386 872 veteribus
402 811 618 879 sociis'essent,
638 808 817 888 adiungendi
833 825 871 871 se
898 809 1006 870 ceteris
1022 807 1139 869 ttrums
1162 827 1195 871 ac

209 891 1194 1055 0pppssepppgendppppltplgpppbpppndruipptcapplrpnppnpppsp,dqtppp

197 1066 322 1139 integro
338 1060 461 1120 censuit.
489 1057 580 1119 relata
596 1067 715 1138 postero
730 1058 777 1119 die
791 1075 846 1136 per
861 1060 1006 1119 minorem
1021 1057 1195 1136 trepidatio·

237 1161 306 1204 nem
325 1160 360 1202 re
386 1150 545 1203 tenuerunt
567 1142 736 1221 optimates,
763 1149 797 1203 ut
816 1144 962 1203 convectis
988 1141 1129 1202 omnibus
1161 1161 1194 1202 er

236 1227 315 1305 agris
330 1223 436 1287 urbem
451 1242 485 1285 ac
500 1227 601 1285 muros
613 1225 790 1288 firmarent·
869 1263 873 1268 ·
1152 1284 1155 1288 .

210 1318 222 1366 1
296 1309 369 1370 xxi.
400 1308 456 1369 Por
478 1308 556 1368 idem
576 1309 639 1369 iere
662 1316 777 1387 tempus
798 1308 912 1380 litterae
928 1325 965 1367 ex
978 1305 1079 1368 Sicilia
1092 1307 1195 1368 Sardi·

208 1394 341 1471 tniaque
360 1391 483 1454 Romam
499 1390 620 1452 adlatae.
651 1393 770 1471 priores·
781 1409 817 1453 ex
833 1390 931 1453 Sicilia
942 1391 975 1450 T.
991 1389 1110 1451 Otacilii
1125 1409 1193 1470 pro-

235 1476 381 1554 praetoris
396 1477 427 1535 in
447 1483 549 1536 senatu
564 1476 703 1535 recitatae
723 1475 860 1536 sunt:.P.
881 1474 1003 1535 Furium
1021 1481 1193 1550 praetorem

237 1576 304 1621 cum
321 1558 414 1619 classe
434 1576 472 1618 ex*
489 1559 587 1619 Africa
608 1557 779 1637 Lilybaeum
801 1559 931 1626 renisam
950 1559 1047 1635 ipsum
1064 1558 1194 1634 graviter

237 1642 367 1703 saucium
378 1643 409 1700 in
421 1640 589 1701 discrinrinc
602 1640 706 1702 ultimo
718 1643 793 1702 vitae
805 1658 884 1709 esss;
899 1639 984 1702 militi
995 1657 1030 1700 ac
1041 1639 1194 1701 navalibus

236 1725 322 1784 sociis
339 1740 434 1801 neque
455 1723 632 1800 stipendium
653 1742 748 1804 neque
768 1724 947 1787 frumentum
970 1723 1006 1784 ad
1027 1723 1106 1784 diem
1130 1723 1193 1785 dari

210 1814 333 1885 tneque
354 1804 439 1866 unde
454 1805 540 1866 detur
568 1823 647 1877 esse:
673 1823 852 1887 magnopere
879 1807 1018 1876 suadere,
1044 1812 1193 1885 utquam

236 1890 364 1970 primum
379 1907 412 1950 ea
427 1891 593 1961 mittanttu,
616 1890 746 1971 sibique,
770 1892 796 1952 si
816 1893 856 1953 ita
878 1891 1025 1959 videatur,
1051 1907 1088 1950 ex
1109 1892 1192 1950 novis

207 1971 419 2053 apraetorlbus
430 1990 630 2035 successorem
639 1975 766 2036 mittant.
805 1975 965 2054 eademque
980 1973 1075 2034 fermo
1090 1972 1128 2033 de
1142 1975 1192 2034 sti-

235 2057 343 2137 pendio
357 2057 565 2137 frumentoque
583 2057 619 2117 ab
633 2059 666 2119 t.
679 2056 816 2119 Cornelio
828 2056 985 2120 Mammula
995 2065 1193 2135 propraetore

236 2159 272 2202 er
287 2140 422 2202 Sardinia
444 2141 561 2220 scripta.
598 2158 773 2221 responsum
793 2143 911 2221 utrique
930 2159 991 2201 non
1003 2157 1086 2208 esse,
1110 2140 1193 2200 unde

234 2226 415 2293 mitteretur,
432 2225 562 2303 iussique
581 2226 637 2303 ipsi
659 2222 799 2286 classibus
819 2233 906 2304 atque
930 2222 1107 2285 exercitibus
1130 2225 1192 2284 suis

71 2370 75 2376 ,
206 2305 398 2369 tconsulere.
435 2307 468 2367 T.
486 2306 626 2368 Otacilius
648 2307 689 2368 ad·
703 2309 822 2369 unicum
839 2307 1001 2369 subsidium
1017 2301 1120 2385 p'opnll
1132 2306 1191 2368 Ro·

117 2402 122 2412 ·
235 2392 327 2460 mani,
353 2390 526 2460 Hieronem,
554 2390 665 2469 legatos
685 2408 755 2452 cum
773 2392 929 2462 mississet,
955 2392 987 2452 in
1010 2388 1192 2469 stipendium

234 2474 335 2552 quanti
349 2474 464 2550 argenti
474 2491 548 2551 opus
559 2475 615 2534 luit
623 2481 654 2534 et
664 2491 715 2535 sex
727 2491 861 2536 mensum
872 2475 1053 2535 irumcntum
1065 2475 1191 2552 accepit,

234 2555 370 2616 Cornelio
384 2558 416 2616 in
431 2557 566 2618 Sardinia
580 2559 711 2632 ciritates
730 2559 827 2619 sociae
845 2557 972 2637 benigne
989 2555 1190 2618 contulerunt.

205 2643 264 2695 cat
280 2636 390 2696 Romae
416 2656 533 2717 quoque
563 2647 685 2718 propter
715 2643 871 2719 penuriam
897 2641 1012 2720 argenti
1042 2641 1191 2714 triumviri

233 2719 372 2779 mensarii
385 2720 538 2797 rogatione
548 2721 586 2784 tt.
598 2722 709 2783 Minuci
721 2722 937 2803 tribuniplebis
948 2724 1031 2794 iacti,
1045 2722 1078 2785 L
1090 2724 1190 2783 Aemi·

233 2800 289 2863 lius
303 2801 413 2880 Papus,
430 2802 481 2881 qui
492 2804 594 2866 consul
609 2822 774 2886 censorque
789 2808 900 2879 iuerat,
917 2815 947 2868 et
960 2808 998 2868 Μ.
1011 2804 1115 2868 itibus
1130 2805 1190 2868 ite·

233 2885 332 2965 gulus,
353 2888 403 2966 qui
422 2885 468 2947 bis
486 2887 588 2957 consul
607 2888 717 2961 iuerat,
744 2899 774 2950 et
788 2890 1008 2965 L.,Scribonins
1019 2889 1110 2959 Libo,
1137 2892 1190 2969 qul

142 3026 144 3028 ,
206 2978 295 3031 ttum
316 2970 452 3033 umunus
472 2969 567 3049 plebis
593 2981 665 3034 erat.
707 2981 737 3034 ot
763 2973 907 3035 duumviri
932 2975 1022 3035 creati
1043 2972 1081 3034 Μ.
1104 2980 1135 3033 et
1157 2973 1189 3035 C

232 3053 310 3115 tttttt
324 3053 427 3115 aedem
442 3054 637 3125 Concordiae,
660 3075 747 3136 quam
765 3057 798 3118 L.
814 3057 936 3119 Manlius
958 3064 1077 3136 praetor
1101 3074 1189 3117 vove·

233 3146 291 3207 rat,
313 3136 530 3199 dedicaverunt.
568 3148 598 3199 et
618 3148 679 3200 tres
693 3141 845 3219 pontifices
861 3142 968 3209 creati,
992 3141 1027 3212 0.
1043 3136 1190 3202 Caecilius

232 3217 365 3282 Metellus
382 3226 411 3279 et
427 3219 461 3290 Ο.
477 3219 586 3282 Fabius
608 3222 751 3283 Maximus
773 3232 802 3283 et
816 3224 851 3294 Q.
867 3224 985 3285 Fulvius
1000 3221 1136 3291 Flaccus,
1156 3223 1188 3284 in

231 3301 328 3364 locum
343 3304 375 3365 P.
392 3302 523 3364 Scantini
541 3303 687 3366 demortui
702 3313 731 3366 et
744 3306 778 3367 L.
793 3306 897 3368 Aemili
911 3306 994 3369 Pauli
1011 3303 1142 3367 consulis
1159 3312 1189 3366 et

231 3383 265 3453 0.
282 3385 343 3447 deli
361 3386 457 3456 Paeti,
476 3387 525 3466 qui
539 3388 707 3450 ceciderant
723 3407 821 3468 pugna
837 3391 992 3453 Cannensi.

204 3469 217 3520 t
292 3467 379 3525 xxii.
418 3469 490 3528 Cum
509 3475 620 3540 cetera,
653 3490 728 3574 quae
749 3474 895 3535 continuis
910 3472 1042 3534 cladibus
1066 3472 1188 3534 fortuna
1279 3487 1280 3502 ¹
