2575 4067
325 372 405 424 atum
420 362 487 440 iuga
503 335 562 433 est,
583 370 693 425 stratae
709 379 764 441 per
791 363 920 424 omnem
915 364 1050 425 iacentis
1065 366 1200 443 agminis

320 464 368 506 em
381 447 517 524 inventae
532 454 609 506 sunt

311 529 380 591 XV
406 529 467 590 llac
478 509 609 597 nundata
624 527 706 590 clade
720 546 789 590 cum
802 546 857 609 per
867 528 930 589 dies
944 472 1076 591 multos
1066 547 1102 590 m
1116 539 1210 593 tanto.

117 689 123 697 ‚
305 629 340 674 re
360 612 462 674 inisset
482 613 597 683 ciuitas,
614 621 653 673 ut
672 611 802 674 tabernis
821 611 927 673 clausis
946 611 1025 673 velut
1046 623 1198 675 nocturna

232 694 389 758 sohtudrne
399 713 456 775 per
465 693 572 756 urbem
582 703 773 758 actasenatus
784 694 927 757 aedlllbus
939 697 1093 774 negotium
1101 697 1197 767 daret,

206 788 265 841 tut
287 778 393 841 urbem
421 779 611 839 circumirent
631 780 798 860 aperlrane
821 778 959 840 tabernas
979 788 1009 839 et
1027 783 1198 841 maestitiae

232 862 367 943 publicae
378 879 508 943 spectem
519 860 588 923 urbi
601 862 680 923 demi
691 855 843 933 iuberent
847 870 923 923 'tum
936 862 981 923 Τι.
997 862 1196 944 Sempronius
1278 875 1279 884 ’

204 954 366 1008 ιιιιιιιιιιιι
380 944 483 1007 babuit
496 943 720 1024 consolatusque
734 948 834 1024 patres
845 953 889 1006 est
904 953 934 1005 et
943 945 1129 1017 adhortatus,
1147 966 1191 1015 ne,

233 1032 284 1111 qul
297 1030 444 1092 Cannensi
460 1029 562 1089 ruinae
576 1045 637 1089 non
653 1029 890 1098 succubuissent,
915 1029 952 1089 ad
966 1029 1102 1089 minores
1117 1029 1194 1091 cala·
1212 1076 1219 1084 .

233 1115 348 1174 mitates
375 1114 489 1173 animos
512 1111 728 1173 submitterent
767 1111 846 1192 quod
872 1113 908 1172 ad
933 1113 1194 1191 Carthaginienses

206 1198 331 1258 ebostes
352 1193 604 1274 Hannibalemque
619 1195 776 1265 attineret,
808 1212 951 1275 prospera
970 1195 1061 1256 modo
1081 1205 1190 1265 essent,

217 1282 309 1341 sicut
321 1286 456 1359 speraret
471 1279 584 1347 lutura,
611 1276 755 1339 Gallicum
775 1276 886 1339 bellum
906 1287 936 1338 et
957 1279 1053 1338 omitti
1073 1277 1139 1339 tuto
1161 1287 1187 1339 ιι

233 1362 345 1424 dilierri
358 1379 462 1442 posse,
478 1359 678 1440 ultionemque
692 1379 757 1421 eam
774 1361 907 1422 iraudis
900 1379 930 1421 m
948 1361 1071 1421 deorum
1086 1380 1124 1422 ac
1137 1381 1189 1442 po·

233 1446 294 1525 puli
309 1445 436 1508 Romani
449 1452 593 1524 potestate
608 1444 689 1513 iore:
713 1444 750 1504 de
770 1444 854 1524 hoste
874 1445 972 1506 Poeno
997 1445 1189 1506 exercitibus·

232 1548 304 1609 que,
323 1546 378 1608 per
393 1547 467 1609 quos
484 1528 514 1587 id
531 1527 639 1588 bellum
663 1537 831 1604 gereretur,
855 1525 1079 1589 consultandum
1100 1537 1188 1608 atque

204 1612 411 1691 oagltandum.
438 1613 501 1690 ipse
516 1611 660 1689 primum,
674 1610 743 1690 quid
757 1609 889 1691 peditum
904 1613 1101 1691 equitumque,
1118 1611 1187 1691 quid

232 1696 352 1764 civium,
369 1693 439 1773 quid
456 1695 603 1754 sociomm
618 1694 649 1752 in
664 1697 795 1756 exercitu
813 1702 890 1755 esset
912 1694 1077 1765 dictatoris,
1095 1694 1187 1756 disse·

230 1778 306 1845 rult;
325 1785 387 1836 tum
401 1774 556 1838 blarcellus
573 1794 694 1838 suarum
715 1780 865 1857 copiarum
882 1796 1026 1839 summam
1044 1780 1185 1856 exposuit.
1278 1843 1279 1856 q

205 1858 301 1939 equid
325 1860 356 1919 in
371 1858 475 1939 Apulia
496 1877 563 1921 cum
579 1860 772 1922 C.·Terentio
791 1859 912 1922 consule
932 1870 1025 1930 esset,
1047 1881 1063 1923 a
1085 1863 1188 1941 peritis

231 1943 394 2024 quaesitum
411 1952 464 2005 est.
497 1961 568 2015 nec,
584 1944 662 2008 unde
679 1943 848 2005 consulares
863 1946 1008 2006 exercitus
1023 1947 1093 2005 satis
1110 1946 1188 2006 firmi
1278 2013 1279 2022 χ

231 2027 268 2088 ad
283 2035 398 2089 tantum
412 2027 522 2089 bobum
534 2028 737 2098 efficerentur,
753 2027 883 2089 inibatur
896 2029 983 2089 ratio.
1011 2030 1109 2108 itaque
1121 2028 1188 2090 Cal·
1271 2047 1279 2110 j

231 2111 314 2183 dam,
333 2130 509 2192 quamquam
523 2109 693 2172 stimulabat
707 2112 783 2172 iusta
798 2113 856 2181 ira,
872 2113 968 2172 omitti
982 2131 1017 2173 eo
1032 2130 1110 2173 anno
1126 2112 1174 2192 pla

205 2198 301 2257 tcnit.
330 2198 477 2257 exercitus
492 2195 643 2256 dictatoris
655 2193 767 2255 consuli
782 2195 918 2257 decretus
930 2204 982 2256 est.
1005 2195 1042 2255 de
1056 2198 1187 2257 exercitu
1265 2263 1271 2272 ‚

138 2359 140 2361 g
229 2278 268 2340 ιι.
286 2279 433 2348 Marcelli,
452 2280 502 2358 qul
517 2296 621 2340 eorum
635 2297 671 2339 ex
686 2278 754 2356 luga
769 2279 917 2341 Cannensi
932 2287 1045 2347 essent,
1065 2281 1097 2339 in
1115 2280 1189 2341 Sici·

229 2360 300 2423 liam
316 2381 366 2424 eos
382 2362 498 2423 traduci
512 2370 600 2442 atque
614 2362 656 2422 ibi
671 2361 813 2432 militare,
829 2362 924 2423 donec
937 2366 970 2424 in
985 2360 1068 2424 ltalia
1078 2361 1188 2425 bellum

104 2519 106 2522 Ι
203 2452 323 2517 flesset,
341 2446 465 2525 placuit,
486 2446 591 2506 eodem
614 2464 650 2507 ex
671 2445 736 2506 luni
758 2445 908 2507 dictatoris
928 2445 1099 2524 legionibus
1116 2449 1188 2508 reici

229 2528 354 2590 militem
368 2532 483 2590 minimi
494 2547 640 2609 quemque
655 2529 772 2590 roboris
786 2528 867 2589 nullo
878 2532 1052 2609 praestituto
1066 2529 1188 2591 militiae

204 2617 378 2687 stempore,
393 2630 452 2673 nisi
442 2612 541 2691 qnod
556 2613 770 2692 stipendiorum
781 2613 980 2691 legitimorum
995 2623 1082 2674 esset.
1113 2614 1187 2675 duae

228 2691 360 2770 legiones
375 2693 507 2754 urbanae
522 2694 608 2754 alteri
621 2692 748 2765 consuli,
775 2698 827 2774 qni
845 2698 876 2757 in
889 2695 1037 2758 locumh.
1056 2697 1187 2758 Postumi

229 2774 474 2847 ιιιιιιιιιιιιιιι,
493 2777 629 2838 decretae
644 2786 726 2850 sunt,
742 2796 882 2860 eumque,
902 2781 1131 2860 cumprimum
1131 2781 1187 2841 sal·

189 2866 221 2920 lo
232 2862 273 2922 vis
287 2862 425 2941 auspions
431 2869 539 2941 posset,
556 2880 652 2923 creari
642 2862 776 2942 placuit.
802 2862 934 2941 legiones
947 2871 1103 2943 praeterea
1116 2851 1187 2925 duas

228 2947 326 3026 primo
341 2964 458 3025 qnoque
474 2956 608 3025 tempore
625 2966 662 3008 ex
674 2946 772 3008 Sicilia
788 2947 878 3006 acciri
894 2956 982 3027 atque
996 2946 1065 3007 inde
1080 2965 1186 3010 consu·

228 3029 302 3100 lem,
328 3031 375 3091 cui
397 3028 528 3108 legiones
554 3029 685 3092 urbanae
713 3031 892 3101 evenissent,
918 3028 1043 3091 militum
1068 3049 1186 3094 sumere

91 3121 93 3124 ’
189 3119 370 3194 liquantum
387 3133 461 3212 opus
479 3123 563 3174 esset.
592 3115 623 3177 C.
641 3115 780 3174 Terentio
795 3113 909 3175 consuli
923 3116 1185 3194 propagariinan·
1276 3137 1279 3204 l

228 3215 298 3265 num
310 3199 476 3276 imperium,
492 3216 587 3296 neque
599 3197 635 3259 de
650 3216 685 3258 eo
700 3198 840 3268 exercitu,
859 3198 992 3277 quemad
1007 3197 1184 3277 praesidium
1278 3209 1279 3278 l

227 3280 347 3359 Apuliae
362 3280 499 3353 haberet,
514 3283 670 3362 quicquam
683 3282 805 3342 minui..
1256 3339 1261 3348 .

202 3369 214 3419 1
289 3365 386 3425 xxvi
423 3366 497 3426 Dum
519 3366 621 3426 haec
612 3382 644 3426 ιιι
667 3365 750 3426 ltalia
772 3373 916 3444 geruntur
939 3364 1182 3444 adparanturqne,
1259 3411 1279 3428 ,ι

227 3445 319 3505 nihilo
333 3450 452 3523 segnius
466 3450 498 3508 in
513 3450 654 3524 Hispania
671 3447 781 3510 bellum
805 3458 882 3516 erat
901 3448 952 3509 sed
968 3446 1004 3510 ad
1027 3466 1090 3509 eam
1107 3447 1182 3509 diem
1278 3425 1279 3482 l

206 4 345 234 s
371 216 563 296 mnnxxm.
579 215 648 259 uss
662 204 704 254 24.
717 205 760 254 ιι.
777 203 819 254 ιιι.
839 194 878 309 [a.
894 218 925 258 n.
941 219 969 259 c.
984 195 1048 277 538]
