2575 4067
297 261 390 302 ursan
406 261 483 306 xxn.
500 261 567 303 oar.
584 249 629 303 00.
647 242 685 323 [a.
702 245 736 306 (i.
751 244 811 326 216]
972 252 1034 316 aio

74 409 186 479 durae,
204 415 235 468 ut
247 414 394 486 plerisque
404 407 546 484 videatur,
566 412 740 483 severitatis,
755 412 953 488 interrogatus
966 429 1032 475 sen·

75 494 201 553 tentiam
221 493 261 551 ita
279 490 392 552 locutus
412 490 517 552 lentur:
543 494 598 561 „sl
618 493 821 554 tantummodo
841 495 1065 572 postulassentb

74 574 167 653 iegati
178 593 233 653 pro
244 579 296 644 iis,
312 576 362 654 qui
372 575 403 633 iu
418 576 546 638 nostium
557 587 700 655 potestate
708 585 790 646 suut,
809 585 842 637 ut
853 576 1033 638 redimeren-

73 667 141 728 tur,
165 660 227 719 siue
241 656 327 718 ullius
344 658 536 719 insectatione
551 668 653 720 eorum
674 659 756 721 brevi
775 660 950 722 sententiam
967 659 1036 738 per!

74 744 222 819 egissem:
240 740 310 820 quid
324 740 402 800 enlm
414 740 492 801 aliud
503 760 590 821 quam
601 742 779 803 admouendi
793 744 909 816 essetb,
925 750 957 802 ut
970 752 1061 803 moa

72 842 143 884 rem
154 823 317 885 tradituma
328 824 461 902 patribus
473 828 636 886 necessario
649 826 686 886 ad
697 844 761 886 rem
771 825 928 886 militarem
937 843 1035 886 exem·

73 906 127 987 pio
139 908 302 967 servaretis.
336 925 414 967 nunc
425 916 537 980 autem,
553 928 619 969 cum
630 927 724 988 prope
738 909 854 987 gloriati
869 910 940 978 siut,
957 907 1036 987 quod

74 1008 110 1050 se
127 988 260 1050 hostibus
275 989 453 1061 dediderint,
475 992 678 1071 praeferrique
698 1010 760 1053 non
781 994 873 1071 captis
894 991 983 1052 modo
1004 993 1036 1051 iu

74 1074 142 1134 acle
155 1071 192 1133 ab
203 1071 349 1142 hostibus,
365 1073 416 1133 sed
428 1076 516 1136 etiam
526 1076 576 1146 iis,
591 1078 642 1154 qui
652 1076 807 1136 Venusiam
819 1075 1036 1154 Canusiumque

73 1165 290 1235 pervenerunt,
314 1164 400 1236 atque
418 1159 477 1236 ipsi
498 1159 528 1220 C.
545 1157 684 1219 Terentio
710 1156 822 1219 consuli
841 1176 944 1219 aecum
965 1175 1034 1217 ceu·

72 1240 206 1309 suerint,
223 1237 295 1299 nibil
307 1245 357 1299 ros
372 1258 488 1308 eorum,
505 1249 604 1318 patres
617 1243 790 1320 conscripti,
807 1259 881 1321 quae
894 1239 954 1300 iilic
968 1246 1063 1301 actae

76 1331 163 1392 sunt,
181 1322 318 1398 ignorare
332 1324 436 1401 patiar.
471 1334 556 1403 atque
573 1326 684 1385 utimm
701 1323 788 1394 haec,
805 1342 880 1402 quae
895 1323 972 1403 apud
983 1339 1035 1384 vos

73 1414 195 1467 aeturus
211 1424 292 1476 sum,
308 1406 414 1467 Canusi
431 1406 508 1485 apud
524 1408 619 1485 ipsum
633 1408 795 1468 exercitum
809 1424 942 1484 agerem,
958 1407 1033 1485 opti-

73 1507 157 1551 mum
171 1498 276 1549 testem
285 1490 417 1567 lguavme
429 1490 568 1570 cuiusque
580 1497 610 1550 et
619 1492 750 1561 virtutis,
767 1497 817 1551 aut
826 1508 903 1551 unus
916 1490 966 1549 bic
976 1487 1033 1550 sal·

70 1581 135 1632 tem
156 1571 270 1632 adesset
293 1572 325 1632 P.
347 1572 551 1649 Sempronius,
577 1591 665 1654 quem
691 1575 716 1635 si
741 1574 789 1633 isti
815 1573 918 1633 ducem
939 1573 1033 1633 secuti

73 1662 188 1725 esseut,
208 1654 315 1715 milites
336 1655 423 1715 bodie
445 1658 474 1715 iu
497 1658 599 1717 castris
617 1657 771 1726 Romanis,
796 1673 856 1716 uon
876 1657 983 1735 captivi
1002 1656 1033 1715 iu

73 1739 203 1800 hostium
218 1746 361 1817 potestate
375 1752 481 1800 essent.
515 1740 565 1800 sed
581 1758 648 1800 cum
665 1741 750 1801 sessis
765 1738 923 1818 pugnando
941 1740 1060 1799 bonu-0

73 1822 142 1890 bus,
164 1832 226 1882 tum
242 1823 363 1882 victoria
376 1820 460 1881 laetis
475 1830 505 1881 et
521 1824 592 1901 ipsis
615 1822 764 1901 plerisque
778 1824 920 1900 regressis
937 1824 969 1882 iu
983 1840 1031 1883 ea·

71 1913 135 1966 stra
149 1923 216 1975 sua,
238 1911 356 1965 noctem
375 1903 412 1963 ad
430 1904 644 1983 erumpendum
658 1904 781 1965 liberam
796 1903 981 1974 habuissent,
1002 1912 1032 1966 ct

73 1997 186 2067 septem
204 1986 285 2049 milia
311 1994 490 2048 armatorum
513 1988 666 2048 homiuum
687 2004 842 2065 erumpere
863 1988 950 2047 etiam
971 2004 1032 2062 per

75 2071 222 2132 confertos
230 2070 331 2132 hostes
340 2078 480 2149 possent,
497 2087 593 2149 neque
607 2087 662 2148 per
673 2087 704 2129 se
715 2070 772 2148 ipsi
782 2068 812 2128 id
824 2069 922 2128 iacere
933 2071 1031 2128 conati

72 2163 142 2214 sunt
161 2172 257 2233 neque
278 2153 367 2213 alium
389 2154 473 2232 sequi
491 2153 656 2213 voluerunt.
696 2161 782 2212 nocte
803 2168 897 2231 prope
918 2158 979 2211 tota
995 2151 1027 2211 P.
1040 2157 1072 2210 lo

72 2237 265 2312 Sempronius
277 2235 439 2296 Tuditanus
454 2253 514 2296 non
526 2236 637 2296 destitit
651 2253 788 2304 monere,
804 2234 954 2295 adhortari
970 2249 1028 2302 eos,

73 2318 144 2378 dum
160 2320 290 2396 paucitas
301 2319 430 2378 bostium
443 2320 521 2380 circa
535 2328 645 2389 castra,
660 2319 730 2379 dum
742 2320 825 2398 quies
836 2335 871 2377 ac
882 2315 1030 2377 silentium

74 2408 163 2467 esset,
185 2399 255 2460 dum
270 2418 328 2461 nox
345 2402 494 2479 inceptum
508 2410 609 2480 tegere
623 2413 724 2481 posset
756 2400 908 2462 seducam
925 2417 1029 2478 seque·

74 2492 189 2544 rentur:
212 2492 279 2544 ante
300 2484 396 2545 lucem
415 2487 570 2564 pervenire
590 2487 620 2545 in
642 2494 704 2545 tuta
724 2484 800 2554 ioca,
830 2485 862 2543 in
881 2483 1029 2543 sociorum

74 2566 161 2626 urbes
174 2586 271 2646 posse.
300 2571 328 2629 si
345 2570 421 2629 sicut
435 2575 553 2629 av'orum
570 2571 712 2629 memoria
725 2566 757 2628 P.
772 2567 878 2628 Decius
892 2564 1026 2626 tribunus
1039 2572 1068 2624 11

74 2648 196 2711 militum
210 2654 242 2711 in
257 2652 386 2722 Samnio,
412 2653 489 2713 sicut
503 2652 587 2713 uobis
601 2649 837 2713 adulescentibus
856 2650 956 2728 priore
970 2648 1027 2710 Pu·

75 2735 138 2793 nico
158 2733 236 2794 bello
252 2733 426 2812 Calpurnius
440 2735 571 2795 Flamma
590 2737 730 2795 trecentis
751 2733 936 2802 voluntariis,
960 2749 1026 2791 cum

75 2815 109 2875 ad
128 2815 273 2875 tumulum
294 2835 345 2877 eos
369 2815 543 2894 capiendum
563 2819 651 2876 situm
672 2814 882 2876 intermedius
906 2815 1028 2873 duceret

75 2899 177 2967 bostis,
195 2897 281 2958 dixit:
302 2900 501 2969 „moriamur,
517 2896 639 2967 milites,
656 2905 685 2956 et
699 2904 795 2956 morte
810 2904 909 2954 nostra
922 2896 1026 2972 eripia-

75 3000 136 3043 mus
152 3000 187 3041 ex
203 2980 355 3040 obsidione
372 2984 584 3042 circumventas
598 2980 766 3057 legiones,“
783 2979 809 3037 si
823 2976 880 3037 boc
894 2976 926 3036 P.
942 2976 1069 3036 Sem-12

74 3066 192 3145 pronius
208 3062 333 3133 diceret,
349 3081 405 3123 nec
419 3065 496 3125 viros
511 3063 647 3142 eqsridem
668 3079 723 3122 nec
739 3062 890 3141 'Romanos
908 3077 959 3118 vos
973 3057 1026 3118 du-

75 3165 185 3218 cerem,
200 3148 226 3207 sl
241 3164 328 3208 nemo
343 3154 441 3207 tantae
456 3148 570 3207 virtutis
581 3146 723 3206 extitisset
739 3161 846 3204 comes.
877 3143 953 3203 darn
965 3158 1025 3201 non
1038 3148 1068 3201 1³

75 3232 109 3291 ad
123 3231 247 3310 gloriam
271 3232 364 3308 magis
382 3247 469 3309 quam
483 3229 520 3290 ad
534 3228 657 3291 salutem
671 3229 816 3289 ferentem
835 3226 1024 3294 demonstrat,

75 3315 193 3376 reduces
208 3316 240 3374 iu
261 3316 400 3391 patriam,
422 3312 458 3373 ad
479 3315 621 3392 parentis,
646 3313 683 3373 ad
703 3312 842 3388 coniuges
862 3327 896 3369 ac
916 3308 1026 3369 liberos

76 3399 148 3460 iacit.
175 3407 209 3460 ut
223 3398 395 3467 servemini,
414 3396 496 3459 deest
512 3395 593 3456 vobis
607 3398 735 3457 animus:
754 3394 838 3474 qiud,
855 3394 880 3453 si
893 3393 1022 3453 morien·
1035 3398 1067 3450 14

76 3479 140 3541 dum
154 3496 210 3559 pro
226 3483 321 3560 patria
331 3489 421 3550 esset,
437 3480 591 3542 laceretis?
606 3479 816 3560 quinquaginta
827 3475 907 3537 milia
919 3477 1025 3536 civium
