2575 4067
233 196 291 258 122
449 211 542 253 mna
557 212 599 252 ιι.
615 211 684 254 oar.
699 199 743 252 to.
761 194 800 271 [a.
815 213 846 251 u.
863 212 888 251 c.
905 193 966 269 440]

204 356 319 419 edobie
333 357 370 419 ab
384 358 456 436 ipsis
469 361 598 419 conscita
611 358 721 420 iudicio
734 357 888 419 subtraxit
919 356 1040 426 deinde,
1056 362 1089 416 ut
1099 372 1187 434 quae·

231 442 318 502 etioni
328 441 493 521 Campanae
506 443 629 504 materia
645 441 785 512 decessit,
803 460 887 502 versa
903 439 1028 501 Romam
1042 441 1190 517 interpre-

232 524 321 585 tando
331 543 395 585 res:
411 543 471 586 non
482 527 670 596 nominatim,
688 528 739 604 qui
749 525 880 605 Capuae,
896 524 949 585 sed
962 524 994 583 in
1007 525 1189 590 uniuersum,

232 609 282 688 qui
298 627 420 689 usquam
441 611 570 671 coissent
589 610 827 671 coniurassentve
848 608 988 669 adversus
1007 624 1073 667 rem
1092 604 1191 686 publi·

204 696 312 761 team,
334 694 436 772 quaeri
450 701 584 753 senatum
596 694 733 761 iussisse3
755 702 785 754 et
801 693 945 753 coitiones
959 690 1108 751 bonorum
1128 688 1191 749 adi·

231 776 438 854 piscendorum
465 794 552 838 causa
572 777 664 837 lactas
683 776 823 837 aduersus
847 793 912 836 rem
938 773 1088 854 publicam
1114 790 1192 833 esse.

230 856 373 939 latiorque
391 868 421 921 et
442 877 476 920 re
497 868 526 921 et
548 862 683 940 personis
700 861 831 938 quaestio
850 859 916 920 lieri
937 857 1017 919 baud
1041 856 1194 918 abnuente

191 947 223 998 to
233 941 374 1004 dictatore
391 944 455 1003 siue
476 944 534 1004 iine
556 941 616 1004 ulla
633 944 811 1021 quaestionis
830 960 900 1004 suae
919 943 966 1003 ius
987 958 1062 1002 esse.
1089 946 1193 1020 postu·

232 1023 368 1087 labantur
386 1045 457 1104 ergo
471 1025 585 1087 nobiles
601 1026 751 1098 homines,
767 1024 1043 1106 appellantibusque
1055 1021 1194 1084 uibunos

191 1115 219 1166 tl
233 1126 319 1170 nemo
331 1120 394 1174 erat
407 1109 528 1180 auxilio,
545 1111 616 1190 quin
628 1112 749 1171 nomina
761 1111 976 1190 reciperentur.
1001 1107 1072 1168 inde
1084 1105 1193 1167 nobili·

230 1199 283 1262 tas,
300 1193 497 1263 neciimodo,
513 1195 545 1254 in
557 1211 630 1274 quos
641 1196 756 1254 crimen
765 1192 984 1262 intendebatur,
996 1191 1049 1252 sed
1059 1191 1195 1254 universi

230 1276 317 1336 simul
331 1294 441 1354 negare
455 1276 598 1339 nobilium
613 1276 643 1336 id
658 1278 772 1337 crimen
788 1293 866 1347 esse,
885 1275 993 1355 quibus
1005 1276 1031 1335 si
1045 1271 1127 1335 nulla
1139 1272 1193 1334 ob·

230 1367 323 1419 stetur
338 1359 442 1420 fraude
457 1369 556 1440 pateat
568 1362 614 1420 via
628 1360 665 1420 ad
679 1360 837 1431 honorem,
859 1359 912 1419 sed
930 1358 1085 1419 bominum
1100 1375 1194 1417 noro·

62 1453 65 1461 ‘
102 1466 104 1470 ·
191 1447 222 1498 12
233 1459 309 1503 rum.
338 1444 417 1520 ipsos
437 1443 510 1503 adeo
525 1443 697 1504 dictatorem
717 1445 948 1522 magistrumque
969 1444 1103 1520 equitum
1122 1458 1195 1502 reos

231 1526 322 1601 magis
336 1542 425 1601 quam
440 1527 620 1604 quaesitores
633 1526 757 1588 idoneos
774 1529 837 1587 eius
854 1528 988 1586 criminis
1003 1543 1084 1594 esse,
1101 1522 1192 1584 intel·

191 1612 222 1663 1³
233 1605 419 1684 lecturosque
439 1609 480 1669 ita
499 1607 530 1668 id
551 1626 629 1680 esse,
652 1608 739 1670 simul
759 1612 931 1689 magistratu
952 1609 1092 1670 abissent.
1129 1616 1195 1669 tum

231 1689 309 1747 enim
330 1705 399 1748 vero
413 1690 557 1761 Maenius,
580 1694 639 1752 iam
659 1692 753 1753 lamae
773 1695 867 1771 magis
883 1710 973 1772 quam
992 1692 1112 1771 imperii
1130 1709 1195 1751 me·

192 1778 222 1827 lt
234 1788 313 1839 mor,
329 1788 502 1850 progressus
515 1775 547 1834 in
564 1776 731 1835 contionem
745 1777 787 1837 ita
801 1776 892 1837 verba
906 1776 990 1836 lecit:
1020 1783 1078 1846 „et
1087 1792 1196 1835 omnes

232 1862 396 1915 anteactae
411 1858 486 1917 vitae
503 1875 554 1917 vos
570 1859 704 1917 conscios
720 1857 828 1930 habeo,
850 1859 993 1929 Quirites,
1015 1868 1046 1919 et
1064 1858 1116 1918 hic
1129 1859 1195 1936 ipse

230 1934 325 1995 bonos
339 1936 452 2000 delatus
467 1940 503 2000 ad
524 1959 572 2001 me
593 1942 675 2001 testis
696 1950 741 2002 est
760 1943 947 2002 innocentiae
966 1959 1065 2003 meae:
1093 1958 1194 2020 neque

231 2019 324 2089 enim,
349 2023 428 2101 quod
442 2041 529 2102 saepe
545 2023 629 2095 alias,
651 2026 719 2103 quia
735 2027 776 2086 ita
796 2034 931 2105 tempora
942 2023 1134 2105 postulabant
1148 2025 1196 2084 rel

229 2100 378 2179 publicae,
395 2108 445 2186 qui
459 2105 535 2167 bello
548 2107 727 2168 clarissimus
740 2116 830 2177 esset,
847 2109 899 2168 sed
913 2109 966 2188 qui
978 2110 1109 2170 maxime
1122 2125 1195 2186 pro·

229 2184 277 2244 col
298 2185 336 2247 ab
356 2187 403 2249 bis
424 2190 599 2251 coitionibus
617 2193 706 2251 vitam
727 2192 848 2268 egisset,
869 2190 996 2251 dictator
1018 2189 1196 2269 deligendus

187 2272 219 2321 lc
232 2271 405 2362 exeroedes
423 2273 641 2353 quaestionibus
655 2273 718 2334 luit.
748 2273 800 2334 sed
816 2276 956 2353 quoniam
970 2274 1091 2353 quidam
1107 2273 1197 2335 nobi·

227 2347 271 2406 les
285 2351 422 2415 homines
436 2391 479 2403 -
490 2375 547 2436 qua
563 2356 600 2418 de
610 2374 711 2427 causa,
726 2374 778 2417 vos
788 2359 956 2418 existimare
968 2376 1058 2437 quam
1072 2375 1123 2417 me
1138 2377 1198 2436 pro

117 2488 120 2492 .
226 2433 400 2527 magistratu
411 2441 566 2518 quicquam
577 2441 785 2519 inconpertum
794 2440 894 2501 dicere
904 2440 1010 2502 melius
1022 2443 1195 2519 est--pri-

226 2526 309 2604 mum
332 2530 411 2590 ipsas
428 2538 597 2598 expugnare
613 2525 800 2601 quaestiones
821 2527 903 2585 omni
918 2542 975 2604 ope
994 2524 1092 2585 adnisi
1115 2534 1198 2604 sunt,

184 2587 309 2683 todem,
333 2609 489 2678 postquam
507 2603 590 2663 adid
612 2622 718 2682 parum
737 2613 873 2683 potentes
892 2617 991 2678 erant,
1016 2626 1055 2667 ne
1073 2624 1192 2668 causam

224 2668 376 2746 ᾱῑθθΐθῦῑ,
391 2682 423 2740 in
434 2686 579 2762 praesidia
591 2686 840 2759 adversariorum,
857 2690 1086 2770 appellationem
1095 2700 1130 2754 ,et
1140 2692 1200 2750 tri·⁴

182 2754 212 2801 1⁷
221 2748 382 2845 bunlcium
393 2766 547 2839 auxilium,
562 2770 679 2850 patricii
690 2772 900 2851 confugerunt,
915 2783 1068 2853 postremo
1080 2773 1197 2853 repulsi

219 2833 292 2894 inde
308 2872 354 2885 -
370 2845 445 2910 adeo
460 2855 559 2914 omnia
579 2857 701 2925 tutiora,
721 2873 810 2934 mam
831 2864 865 2918 ut
884 2859 1088 2918 innocentiam
1109 2875 1191 2919 suam

176 2995 208 3046 w
217 2929 401 2998 purgarent,
420 2933 481 2995 visa
495 2948 532 2982 ’-
544 2939 575 2998 in
587 2957 641 2999 nos
654 2940 825 3009 inruerunt,
842 2951 871 3001 ct
884 2941 1005 3020 privatis
1017 2941 1195 3001 dictatorem

218 3010 348 3103 P⁰⁸⁰0rc
362 3027 451 3076 reum
462 3021 657 3082 verecundiae
671 3037 731 3080 non
746 3019 813 3082 brit:
828 3032 862 3083 ut
870 3041 975 3084 omues
986 3024 1029 3085 dii
1042 3024 1195 3084 homines·

216 3091 275 3173 lut}
297 3100 397 3152 sciant
416 3097 454 3158 ab
475 3102 534 3164 illis
555 3107 643 3166 etiam
658 3121 733 3184 quae
753 3122 813 3165 non
835 3108 951 3184 possint
972 3108 1130 3186 temptari,
1157 3123 1196 3166 ne

172 3233 203 3283 m
214 3167 368 3292 {putthen}
381 3177 460 3242 vitae
481 3187 623 3260 reddant,
649 3206 697 3250 mc
712 3187 827 3248 obviam
843 3192 889 3251 ire
904 3192 1024 3251 crimini
1038 3200 1071 3252 et
1084 3190 1194 3251 offerre

247 3255 264 3294 θ
278 3248 414 3316 mimicis
429 3281 531 3343 reum,
548 3272 690 3335 dictatura
705 3288 754 3331 me
769 3270 883 3334 abdico.
916 3292 968 3334 vos
979 3293 1106 3352 quaeso,
1123 3291 1195 3334 con·

212 3316 476 3487 ffil’lgieltfflflis
491 3354 591 3416 datum
609 3356 647 3417 ab
664 3360 770 3454 senatu
791 3358 943 3454 negotium
965 3357 1072 3428 luerit,
1093 3360 1127 3418 in
1147 3375 1201 3419 me

451 3448 513 3496 unc
533 3439 571 3499 ll.
594 3439 723 3500 Foshum
744 3447 931 3517 quaestiones
951 3442 1136 3513 exerceatis,
1164 3450 1201 3501 ut
