2575 4067
259 234 320 300 148
462 248 555 290 exeun
568 250 598 290 x.
614 246 684 289 our.
701 236 725 286 1.
742 225 781 308 [e.
796 250 827 290 ιι.
844 249 870 289 c.
885 235 946 287 lei.
965 227 1027 308 ιιι]

559 477 746 541 PERIOCHA
765 476 866 539 LIBRI
887 477 922 538 x.

328 649 448 703 colonia
459 648 585 698 deductee
596 652 657 696 sent
668 643 731 696 Sors
743 652 769 695 et
780 643 847 695 Albe
858 651 884 694 et
896 644 1016 696 Gorseoli.
1039 645 1116 696 ilersi
1128 648 1155 697 lu
1174 648 1218 698 de·

260 719 383 771 ditionem
393 715 491 780 sucepti
503 719 571 765 sunl.
588 712 723 777 collegium
731 725 856 776 augurum
867 710 1016 777 ampliatum
1028 719 1079 776 est,
1093 721 1121 764 ιιι
1133 723 1220 765 essent

261 800 352 837 novem
358 819 366 845 ,
379 797 437 834 oum
448 791 523 832 entes
534 779 650 842 quaterni
661 778 779 829 inissent.
802 777 846 828 lex
857 776 889 828 de
900 779 1080 843 prosecutione
1091 779 1124 830 ed
1136 795 1220 846 popu·

260 854 314 905 lnrn
330 868 346 903 e
361 850 466 900 Murcus
488 845 592 899 consule
607 846 681 896 tertio
697 853 758 895 tuno
775 844 826 895 leis
844 853 890 896 eso.
916 846 981 895 duee
998 846 1081 896 lubus
1103 848 1220 898 adiectus

260 926 336 985 sunl,
353 917 473 968 Aniensis
495 923 520 965 οι
535 913 679 964 Terentius.
703 910 860 963 Samnitibus
876 911 971 962 bellum
988 912 1113 963 inulctnun
1125 922 1177 973 est,
1195 921 1220 965 et

260 989 384 1039 euvenus
397 997 442 1034 eos
453 996 532 1046 saepe
543 994 666 1047 prospere
682 987 822 1044 pugnorum
840 986 889 1033 est.
911 993 970 1030 uum
986 978 1110 1031 edvusus
1128 981 1220 1031 Etrus·

260 1069 305 1105 cos
322 1052 429 1105 Umbros
441 1049 569 1101 samnite·
581 1044 668 1098 uuio·
684 1047 712 1097 P.
729 1045 806 1097 Decio
819 1053 845 1096 et
861 1043 891 1106 Q.
903 1043 980 1097 Fabio
999 1043 1105 1098 ducibus
1136 1062 1219 1112 ugus·

260 1130 342 1184 retur,
354 1126 379 1170 el
387 1118 517 1168 Romanus
527 1114 653 1166 exercitus
664 1114 691 1163 lu
703 1112 814 1163 maximo
827 1112 972 1164 discrimine
985 1121 1065 1171 esset.
1077 1111 1106 1168 P.
1116 1062 1217 1177 Beros,

261 1196 364 1240 secutus
382 1184 525 1249 exemplum
541 1181 629 1248 petris,
642 1180 745 1231 devovit
755 1193 785 1231 se
795 1194 842 1245 pro
855 1180 968 1231 exesum
980 1188 1005 1229 ec
1016 1188 1097 1230 morte
1108 1195 1157 1231 sue
1167 1182 1220 1232 vic·

260 1256 352 1306 terim
363 1254 418 1304 elus
429 1264 531 1318 pugnes
542 1247 638 1315 populo
650 1248 765 1298 Romam
777 1247 856 1297 dedit.
879 1247 996 1310 Papirius
1009 1246 1103 1298 cumr
1120 1247 1221 1299 Semu-

260 1323 324 1373 rium
342 1319 494 1382 exeritum,
506 1318 550 1380 qui
562 1315 734 1366 iureiurando
751 1314 895 1374 obstrietus,
909 1327 959 1376 qno
970 1312 1066 1364 meiere
1077 1316 1220 1365 conscensis

261 1389 364 1439 virtutis
376 1392 516 1454 pugnaret,
534 1385 561 1434 ln
578 1383 659 1432 solem
670 1381 851 1439 descenderat,
868 1379 945 1431 nult.
979 1395 1073 1432 census
1085 1390 1157 1432 ιοιιιι
1170 1390 1217 1444 est,

261 1456 370 1506 lustrum
381 1454 522 1504 eonditum:
541 1464 618 1501 censs
635 1456 695 1500 sunt
706 1448 798 1499 elvium
815 1448 899 1514 cepltu
910 1446 1028 1504 ccc‘xx’ff
1039 1454 1064 1498 cl
1076 1461 1173 1504 cccxx.

370 1648 607 1713 urrunnu
628 1631 729 1711 uine
750 1646 912 1710 couniri
932 1647 1045 1711 uene
1065 1649 1100 1710 x.

235 1812 249 1863 1
325 1803 347 1865 l.
377 1802 410 1863 i.
426 1801 556 1863 Genucio
578 1801 643 1863 Ser.
668 1798 805 1862 Cornelio
832 1798 1001 1864 consulibus
1026 1800 1063 1864 ub
1090 1805 1220 1864 externis

262 1888 357 1949 ferme
370 1883 457 1947 bellis
470 1886 562 1946 otium
576 1884 640 1947 luit.
670 1885 775 1949 Soram
795 1890 883 1964 alque
897 1879 1002 1947 Albam
1018 1883 1151 1948 coloniae
1168 1886 1220 1948 de·

263 1971 377 2035 duone.
413 1967 516 2033 linem
533 1970 565 2030 in
587 1970 704 2049 Aequos
724 1985 777 2029 sex
797 1966 878 2029 milia
903 1967 1076 2030 colonorum
1098 1971 1219 2050 scripio.

234 2056 338 2118 osone
361 2054 425 2133 agri
444 2051 541 2114 Volsci
566 2052 676 2123 fuerat,
704 2050 758 2113 sed
776 2051 970 2132 possederant
995 2052 1157 2123 samnites;
1185 2071 1221 2115 eo

263 2145 401 2220 quattuor
416 2137 496 2199 milia
511 2136 666 2199 homiuum
683 2137 782 2208 misse.
814 2135 918 2197 eodem
935 2153 1013 2198 enno
1030 2136 1221 2217 Arpinatibus

234 2222 495 2302 elnebulsnisque
515 2222 615 2282 civitas
642 2219 718 2282 date.
753 2218 922 2281 Frusinates
942 2220 1028 2281 tertia
1048 2229 1133 2300 parte
1157 2222 1222 2301 agri

263 2309 407 2377 domnail,
421 2304 499 2386 qued
513 2305 659 2366 Hernicos
673 2302 709 2366 eh
725 2305 766 2364 eis
781 2302 951 2365 sollicitatos
965 2312 1156 2385 conpertum.
1173 2324 1221 2367 ca·

263 2394 381 2470 piloque
395 2390 606 2451 coniurationis
618 2390 681 2450 eius
695 2387 867 2468 quaestione
882 2385 918 2449 eh
936 2386 1107 2450 consulibus
1121 2407 1159 2450 ex
1174 2406 1221 2450 se·

235 2482 253 2530 o
265 2481 351 2535 notus
361 2471 495 2533 consulto
506 2470 606 2533 habile
616 2472 706 2550 virgo
716 2470 794 2533 eaesi
805 2488 841 2532 uc
851 2471 949 2532 securi
958 2473 1100 2552 percussi.
1121 2479 1222 2534 umen

263 2572 301 2615 ne
318 2571 439 2634 prensus
458 2553 597 2615 inbellem
618 2562 740 2632 agerent
761 2571 886 2626 sunum,
910 2572 999 2635 parve
1022 2554 1169 2636 expeditio
1189 2558 1221 2619 in

262 2635 384 2698 Umbria
394 2636 471 2698 factu
482 2643 534 2707 est,
541 2636 625 2716 quod
632 2635 822 2699 nuntiabatur
834 2656 870 2699 ex
881 2636 1021 2718 spelunca
1032 2638 1159 2719 qondam
1170 2658 1226 2702 ex·

236 2719 417 2781 ucursiones
439 2726 618 2781 umerorum
636 2722 669 2781 iu
689 2737 776 2798 egros
796 2721 871 2782 fleri.
911 2722 942 2783 iu
963 2739 1028 2783 eum
1049 2720 1222 2802 speluncam

263 2809 449 2883 penetratum
463 2819 531 2864 euru
544 2803 636 2882 signis
651 2811 709 2874 est,
725 2812 755 2865 et
769 2821 805 2866 ex
820 2802 886 2886 [eo]
903 2802 970 2866 loeo
984 2803 1112 2867 obscuro
1128 2805 1221 2869 multe

263 2885 384 2948 vulnero
409 2894 543 2966 receptu,
569 2888 755 2968 maximeque
768 2887 900 2968 lepidum
919 2889 993 2960 ictu,
1018 2888 1113 2950 donec
1126 2888 1221 2952 altero

262 2988 368 3050 specus
385 2971 448 3031 eius
463 2987 515 3032 ore
529 3005 571 3017 —
585 2988 654 3033 nam
673 2972 792 3051 pervius
807 2979 871 3033 eret
887 3006 929 3021 -
943 2973 1063 3034 invento
1078 2979 1223 3054 eoasque

233 3053 362 3116 efeuces
378 3056 525 3132 congestis
535 3053 622 3133 lignis
637 3071 788 3117 accensae.
819 3057 860 3116 ile
874 3055 954 3116 iulus
968 3054 1049 3118 lunio
1063 3073 1098 3117 ee
1112 3074 1220 3137 vapore

263 3136 300 3199 ad
318 3137 376 3200 due
388 3135 468 3198 mille
484 3145 664 3199 amatorum
679 3139 794 3199 ruentis
808 3139 965 3200 novissime
989 3138 1021 3199 ln
1041 3139 1120 3219 ipses
1134 3140 1220 3202 ilem·

262 3238 340 3291 mos,
358 3219 429 3282 (lum
440 3220 563 3281 evadere
577 3220 716 3291 tendunt,
733 3219 896 3302 absumpto.
918 3226 920 3232 '

233 3311 249 3361 ἰ
324 3302 363 3364 Μ.
378 3302 460 3364 Livio
474 3303 584 3365 Dentre
614 3305 659 3365 Μ.
673 3302 797 3366 Aemilio
808 3302 977 3367 consulibus
987 3306 1222 3386 redintegratum

263 3386 424 3465 Aequicum
440 3385 560 3449 bellum.
595 3386 741 3448 eolonlem
757 3405 845 3467 aegre
865 3390 1011 3467 potientes
1026 3390 1107 3452 velut
1120 3407 1222 3453 arcem

261 3465 441 3529 sueonibus
453 3469 625 3549 lnposilum,
640 3488 755 3532 summe
765 3472 794 3532 vl
805 3488 974 3553 expugnare
985 3472 1080 3536 adorti
1095 3472 1132 3536 ulo
1147 3476 1222 3558 ipsis
