2575 4067
220 247 229 263 ‘
267 261 328 322 sco
413 272 507 314 oman
521 273 610 316 mn.
627 271 696 316 oar,
713 260 757 312 so.
775 260 818 312 er.
834 251 874 333 [a.
889 277 920 317 ι.
935 275 961 317 o.
972 261 1032 316 osa.
1047 254 1110 334 sss]

266 418 372 490 ferret,
387 428 420 480 ut
434 419 469 490 Q.
484 418 606 481 Fabium
621 419 807 500 duumvirum
828 437 893 480 esse
911 419 1049 482 iuberent
1069 422 1153 482 aedis
1171 420 1219 482 de·

228 501 408 564 radendae
435 520 531 563 causa.
567 510 596 564 et
614 502 653 564 Μ.
678 502 802 563 demiMo
821 503 948 581 Lepido.
979 502 1096 584 quibis
1117 503 1221 566 consul

267 602 418 666 augurque
433 586 543 655 fuerat,
559 584 611 646 dlii
629 592 704 656 tres,
721 585 828 647 Lucius
847 586 962 648 Marcus
979 587 1117 658 Quintus,
1130 587 1221 649 ludos

178 697 180 703 ·
199 679 204 687 ·
267 668 407 730 funebres
422 686 476 747 per
492 668 620 730 triduum
638 676 669 730 et
682 667 877 745 gladiatorum
899 671 980 748 paria
996 670 1053 731 duo
1072 678 1104 731 et
1116 672 1221 749 viginti

228 759 259 812 ld
269 750 338 833 [per
352 750 497 832 triduum]
512 753 543 813 ln
559 752 624 813 loro
639 751 794 814 dederunt.
832 752 940 814 aediles
966 752 1084 814 curules
1099 753 1131 815 C.
1148 754 1221 815 Lae·

266 836 359 897 torius
380 843 409 896 et
430 835 475 896 Ti.
497 835 690 914 Sempronius
721 835 886 904 Gracchus,
911 836 1013 898 consul
1038 835 1219 914 designatus,

181 925 190 946 ⁸
266 920 316 999 qui
338 920 369 979 in
390 917 537 980 aedilitate
556 921 696 997 magister
718 920 850 998 equitum
869 919 978 990 luerat,
1005 919 1092 982 ludos
1113 919 1220 980 Roma·

227 1010 257 1060 tt
269 1020 324 1063 nos
338 1001 485 1073 lecerunt,
501 1003 551 1082 qul
564 1018 618 1080 per
633 1002 764 1063 triduum
777 1004 930 1064 instaurati
944 1010 1022 1065 sunt.
1045 1001 1146 1081 plebei
1161 1001 1221 1063 ludi
1238 1051 1243 1060 ,

267 1083 404 1145 aedilium
423 1086 460 1147 M.
482 1084 583 1146 durch
604 1086 705 1147 Cottae
724 1095 754 1147 et
775 1085 813 1147 M.
835 1085 937 1148 Claudi
956 1084 1088 1147 Marcelli
1109 1093 1158 1146 ter
1176 1088 1220 1146 in·

266 1170 397 1229 staurati.
701 1192 705 1200 ·

226 1258 258 1309 tt
331 1251 513 1313 circumacto
538 1253 624 1314 tendo
645 1269 722 1322 anno
742 1251 846 1312 Punici
874 1251 944 1312 belli
959 1249 1008 1313 Ti.
1025 1251 1220 1330 Sempronius

268 1334 370 1397 consul
385 1333 481 1395 idibus
491 1335 603 1397 Martiis
617 1336 820 1412 magistratum
838 1336 902 1396 init.
932 1342 1084 1414 praetores
1098 1335 1135 1407 Q.
1152 1334 1219 1395 Ful-

268 1421 330 1480 rius
345 1417 475 1489 Flaccus,
492 1420 542 1497 qui
556 1418 698 1486 anteabcs
713 1416 816 1479 consul
831 1435 994 1498 censorque
1009 1418 1115 1487 luerat,
1130 1417 1220 1479 urba-

268 1521 349 1573 nam,
374 1500 412 1563 M.
434 1501 565 1563 Valerius
583 1502 727 1562 Laevinus
751 1497 939 1579 peregiinam
959 1508 1069 1562 sortem
1089 1502 1121 1561 in
1147 1502 1219 1562 iuris

267 1585 395 1646 dIctlone
410 1583 526 1653 habult:
542 1587 594 1664 Ap.
607 1583 743 1646 Claudius
759 1583 886 1645 Pulcher
898 1583 1040 1655 SiciMam‚
1056 1584 1091 1655 Q.
1107 1584 1220 1646 Mucius

194 1731 198 1740 ,
228 1676 258 1727 tt
269 1665 406 1729 Scaevola
422 1666 587 1727 SardinIam
603 1669 698 1728 sortiti
711 1674 789 1729 sunt
818 1666 855 1728 M.
870 1666 1008 1729 MarceMo
1028 1685 1084 1747 pro
1099 1666 1220 1728 musula

266 1750 424 1828 imperium
456 1767 520 1809 esse
547 1749 673 1829 populus
689 1751 805 1821 'iussit
842 1751 921 1829 quod
946 1758 1024 1830 post·
1033 1751 1219 1822 Cannensem

267 1830 381 1893 cladem
395 1849 471 1892 unus
485 1833 686 1895 Romanorum
702 1835 911 1913 Imperatorum
932 1835 963 1894 in
977 1832 1058 1895 ltalia
1075 1851 1220 1913 prospere

240 1921 330 1977 trem
346 1916 491 1994 gessisset.
535 1916 635 1979 XXXl.
671 1918 809 1988 Senatus,
830 1935 888 1997 quo
910 1917 957 1978 die
977 1919 1106 1997 primum
1127 1918 1220 1978 estin
1278 1965 1287 1986 .

268 1998 409 2079 Capitolio
421 1999 584 2068 consultus,
601 2000 743 2070 decrevit,
761 2007 793 2061 ut
804 1998 892 2081 [quo]
906 2018 941 2061 eo
955 2018 1032 2062 anno
1045 1999 1157 2079 duplex
1169 2000 1220 2061 tri·

239 2082 370 2145 abutum
384 2084 592 2162 imperaretur,
610 2082 734 2162 simplex
745 2083 900 2145 confestim
912 2084 1093 2162 exlgeretur,
1110 2102 1148 2144 ex
1163 2101 1219 2162 quo

267 2166 445 2247 stipendium
459 2185 599 2245 praesens
613 2166 749 2227 omnibus
769 2164 911 2228 militibus
930 2167 1063 2237 daretur,
1084 2175 1220 2245 praeter·

240 2257 354 2330 aquam
370 2251 420 2329 qul
440 2249 547 2312 milites
568 2250 604 2310 ad
620 2250 734 2311 Cannas
755 2249 887 2334 luissent.
927 2249 963 2311 de
980 2249 1160 2311 exercitibus
1180 2251 1221 2311 lta

268 2332 475 2404 decreverunt,
492 2342 525 2395 ut
536 2333 648 2394 duabus
659 2331 823 2411 legionibus
837 2332 958 2395 urbanis
969 2333 1013 2395 li.
1026 2334 1222 2413 Sempronius

268 2415 370 2477 consul
387 2417 469 2478 Cales
478 2417 515 2477 ad
530 2417 762 2478 conveniendum
774 2416 852 2478 diem
865 2416 1009 2486 edicerem
1024 2415 1095 2477 inde
1109 2434 1164 2477 eae
1180 2415 1220 2477 le·

268 2501 370 2577 giones
379 2501 410 2559 in
426 2508 521 2562 castra
533 2500 689 2562 Claudiana
707 2518 795 2578 supra
809 2499 976 2581 Suessulam
991 2499 1220 2562 deducerentur.

239 2589 342 2660 cquae
352 2581 393 2642 ibi
404 2582 534 2661 legiones
546 2590 644 2643 essent
658 2617 700 2628 —
713 2590 798 2644 erant
808 2590 906 2645 autem
916 2584 1078 2646 Cannensis
1093 2584 1221 2644 maxime

269 2666 415 2725 exercitus
433 2698 485 2734 -,
500 2684 548 2726 cas
563 2667 674 2743 Appius
688 2665 826 2728 Claudius
846 2665 972 2728 Pulcher
992 2675 1112 2746 praetor
1128 2669 1162 2727 in
1176 2665 1219 2727 st-

269 2743 365 2806 clllam
376 2747 529 2816 traiceret,
545 2765 678 2827 quaeque
687 2747 718 2807 in
733 2749 831 2812 Sicilia
846 2758 957 2822 essem,
973 2751 1097 2813 Romam
1113 2749 1220 2830 depor-

240 2835 410 2892 ttarentur.
439 2829 475 2891 ad
490 2832 660 2901 exercitum,
676 2833 723 2893 cui
737 2831 774 2894 ad
788 2832 1019 2895 conveniendum
1031 2832 1115 2894 Cales
1126 2832 1222 2893 edicta

269 2913 332 2974 dies
345 2922 420 2985 erat,
439 2914 477 2976 M.
499 2914 635 2977 Claudius
650 2915 805 2977 Marcellus
822 2918 942 2987 missus,
966 2917 1050 2997 isque
1071 2916 1171 2978 iussus
1193 2917 1222 2976 in

220 3027 223 3031 ι
240 3004 363 3058 ceastre
379 2998 536 3061 Claudiana
551 2998 698 3060 deducere
713 2998 841 3061 urbanas
862 2999 1003 3077 legiones.
1032 2999 1069 3059 ad
1090 3007 1222 3059 vetemm

270 3082 431 3142 exercitum
448 3081 651 3161 accipiendum
666 3081 927 3162 deducendumque
948 3082 1017 3143 inde
1041 3084 1072 3142 in
1090 3081 1221 3143 Siciliam

142 3222 144 3225 .
270 3164 315 3225 Ti.
332 3164 481 3227 Maecilius
505 3166 594 3226 Croto
620 3164 733 3243 legatus
758 3164 795 3226 ab
816 3167 868 3245 Ap.
890 3164 1009 3228 Claudio
1035 3172 1081 3226 est
1105 3166 1221 3227 missus.

242 3249 351 3309 ttaclti
372 3249 468 3327 primo
489 3256 715 3325 expectaverant
735 3248 882 3320 hommes,
908 3250 951 3310 uti
977 3246 1080 3310 consul
1102 3247 1220 3309 comitia

271 3329 400 3409 coMcgae
416 3330 543 3392 creando
556 3330 692 3403 haberet;
709 3331 828 3404 deinde,
844 3331 895 3392 ubi
909 3330 1074 3411 ablegatum
1089 3329 1171 3391 velut
1186 3329 1220 3390 de

270 3413 414 3475 industrie
424 3414 462 3475 M.
472 3412 642 3476 MarceMum
658 3414 809 3484 viderunt,
825 3433 914 3495 quem
932 3416 1058 3476 maxime
1069 3411 1219 3475 coosnlem

273 3494 303 3552 in
321 3513 387 3555 eum
402 3514 512 3557 annum
532 3495 571 3557 ob
588 3499 707 3576 egregie
726 3499 767 3558 in·
778 3507 917 3576 praetura
937 3516 986 3559 res
1006 3505 1104 3577 gestas
1124 3492 1218 3557 creati
