2575 4067
209 294 304 336 amun
317 293 385 337 rru.
402 293 469 337 one.
487 283 528 334 14.
546 275 694 359 lo.16.[a.
711 279 745 341 O.
760 286 820 339 338.
833 278 894 363 337]
992 287 1033 351 65

73 442 182 506 Latinis
204 440 350 504 rebellare
370 440 547 514 noluissent,
577 442 785 526 Fundamsque
808 455 837 508 et
858 447 1032 519 Formianis,

73 526 149 608 quod
171 544 226 605 per
246 526 313 586 linis
328 544 431 587 eorum
453 533 515 588 tuta
535 536 696 608 pacataque
716 546 835 608 semper
853 529 956 593 lmeset
977 534 1032 608 vla,

73 612 171 672 civitas
182 612 248 671 sine
262 609 402 688 suffragio
417 609 493 672 data.
524 611 669 673 Cumanos
686 612 938 694 Suessulanosque
955 617 1071 677 eius-11

72 694 137 757 dem
148 695 223 756 iuris
235 693 488 773 condicionisque,
505 696 587 756 culus
598 695 740 775 Capuam,
757 715 821 758 esse
831 696 949 779 placuit.
978 708 1074 759 ua-12

71 797 119 840 res
134 779 297 840 Antiatium
311 779 419 856 partim
438 780 470 839 lu
491 778 602 840 navalia
617 781 728 843 Romae
748 780 910 843 subductae
924 783 1031 861 partim

70 864 224 932 incensae,
240 863 404 942 rostrisque
420 880 521 924 earum
538 873 708 942 suggestum
722 867 753 927 in
768 865 833 925 ioro
851 873 1031 928 exstructum

71 947 211 1008 adornari
225 945 348 1026 placuit,
366 955 521 1027 rostraque
536 947 566 1007 id
581 948 722 1028 templum
737 948 924 1031 appellatum.

130 1031 191 1092 XV.
225 1031 256 1091 d.
268 1027 399 1109 Sulpicio
413 1030 515 1109 Longo
530 1030 563 1092 P.
579 1030 662 1092 Aello
674 1032 763 1096 Paeto
778 1032 948 1096 consulibus
963 1053 1031 1097 cum
1048 1043 1059 1093 1

69 1116 169 1177 omnia
195 1131 256 1175 nou
280 1132 352 1195 opes
376 1116 470 1193 magis
490 1114 639 1178 Romanae
666 1135 754 1197 quam
776 1116 927 1180 beneflciis
948 1125 1031 1197 parta

68 1200 163 1279 gratia
190 1198 268 1259 bona
291 1216 365 1277 pace
386 1198 548 1271 obtineret,
569 1201 648 1260 inter
663 1199 808 1263 Sidicinos
821 1203 1031 1283 Auruncosque

68 1282 180 1345 beilum
194 1290 302 1343 ortum.
331 1283 462 1345 Aurunci
474 1301 493 1344 a
503 1283 538 1344 T.
554 1282 662 1345 lilanlio
675 1283 795 1346 consule
808 1286 840 1346 iu
851 1284 1031 1347 deditionem
1046 1297 1062 1345 2

67 1366 185 1446 accepti
200 1364 274 1427 nihil
294 1365 401 1430 deinde
426 1375 591 1430 moverant:
613 1385 648 1428 eo
662 1367 784 1449 petendi
803 1367 902 1430 auxilli
920 1368 956 1430 ab
972 1370 1031 1432 lio·

66 1452 164 1513 mauis
180 1467 267 1511 causa
283 1450 387 1513 iustior
403 1451 467 1512 lult.
495 1450 548 1513 sed
561 1452 733 1533 priusquam
749 1450 886 1514 consules
903 1452 939 1516 ab
956 1452 1030 1515 urbe
1045 1461 1062 1515 A

68 1569 105 1581 -
125 1536 254 1596 iusserat
270 1536 350 1596 enirn
364 1542 482 1597 senatus
499 1533 617 1595 delendi
631 1537 787 1599 Auruncos
809 1571 846 1583 -
867 1538 1030 1599 exercitum

67 1619 246 1692 educerent,
268 1618 346 1681 lama
369 1618 502 1681 adiertur
518 1618 673 1681 Auruncos
695 1629 776 1683 metu
789 1621 929 1701 oppidum
946 1621 1062 1683 deso-4

66 1705 164 1766 rulsse
186 1702 386 1783 profugosque
409 1720 475 1764 cum
502 1702 677 1783 coniugibus
704 1722 738 1766 ac
762 1703 863 1766 liberis
892 1706 1030 1769 Suessam

67 1788 284 1857 communisse,
300 1805 375 1866 quae
390 1804 470 1849 nunc
485 1788 623 1850 Aurunca
638 1787 797 1870 appellata,
821 1790 937 1851 moenia
955 1792 1030 1852 anti·

66 1890 123 1954 qua
140 1889 245 1931 eorum
258 1870 422 1952 urbemque
438 1870 474 1933 ab
491 1871 630 1933 Sidlclnls
641 1871 777 1935 deletam.
803 1872 841 1934 ob
854 1892 888 1935 ea
898 1874 1032 1936 infensus
1045 1881 1062 1934 e

66 1953 240 2019 consulibus
250 1964 377 2026 senatus,
390 1973 515 2035 quorum
522 1957 709 2018 cunctatione
721 1956 829 2037 proditi
841 1959 1028 2029 sociiessent,

66 2040 244 2102 dictatorem
259 2040 315 2100 dici
330 2040 423 2103 lussit.
462 2038 558 2100 dictus
573 2041 604 2102 C.
620 2039 756 2101 Claudius
772 2039 947 2119 Regillensis
967 2062 1029 2104 ma·

66 2127 194 2206 gnuum
215 2125 345 2204 equitum
369 2124 401 2186 C.
418 2122 571 2185 Claudium
595 2124 783 2185 Hortatorem
805 2123 886 2185 dlxii.
926 2123 1062 2203 religioe

65 2209 138 2270 inde
158 2207 267 2268 iniecta
289 2206 326 2269 de
341 2208 498 2276 dictatore,
523 2214 552 2267 et
572 2224 640 2268 cum
662 2224 789 2286 augures
809 2207 881 2266 vitio
898 2216 1028 2267 creatum

65 2292 161 2354 videri
183 2290 338 2363 dixissent,
366 2292 490 2353 dictator
514 2293 712 2371 magisterque
731 2290 862 2370 equitum
885 2306 917 2350 se
937 2292 1029 2369 magi·

66 2383 162 2438 stratu
177 2374 359 2437 abdicarunt.

132 2460 175 2521 Eo
188 2477 264 2521 anno
276 2459 401 2522 Minucia
412 2459 536 2522 Vestalis
550 2469 685 2541 suspecta
696 2460 792 2539 primo
806 2465 929 2539 propter
943 2474 1028 2518 mun-
1044 2465 1058 2512 't

68 2544 183 2606 dlorem
204 2546 280 2605 iusto
303 2543 429 2616 cultum,
453 2544 620 2606 insimulata
641 2542 748 2605 deinde
778 2543 855 2624 apud
876 2541 1060 2624 pontificesd

67 2628 104 2690 ab
116 2627 216 2688 indice
229 2645 329 2699 servo,
346 2647 414 2690 cum
430 2629 550 2690 decreto
567 2646 670 2689 eorum
684 2629 762 2690 iussa
777 2635 854 2690 esset
869 2628 961 2690 saeris
977 2625 1028 2688 ab·

67 2713 180 2773 stinere
193 2711 393 2793 familiamque
408 2714 439 2774 in
453 2719 599 2793 potestate
611 2712 736 2784 babere,
753 2712 830 2775 iacto
844 2711 953 2775 iudicio
966 2713 1029 2773 viva

67 2796 123 2856 sub
147 2804 257 2857 terram
276 2796 312 2857 ad
335 2805 452 2877 portam
468 2794 612 2858 Collinam
630 2796 710 2857 iuxta
734 2798 810 2859 viam
835 2804 957 2858 stratam
978 2795 1029 2856 de.

67 2879 148 2941 fossa
162 2878 307 2941 scelerato
323 2898 436 2961 campo.
467 2879 556 2942 credo
572 2879 607 2941 ab
621 2881 735 2941 incesto
748 2881 779 2941 id
796 2881 823 2941 ci
837 2879 903 2942 loco
918 2894 1027 2941 nomen

68 2962 189 3025 iactum.

131 3046 244 3108 Eodem
256 3065 333 3109 auno
346 3048 381 3120 Q.
392 3047 535 3111 Publilius
547 3047 630 3110 Philo
641 3054 761 3128 praetor
771 3046 884 3125 primus
896 3043 932 3104 de
943 3042 1030 3123 plebe
1046 3051 1061 3100 o

70 3130 244 3193 adversante
255 3131 385 3212 Sulpicio
401 3132 539 3204 consule,
558 3133 608 3214 qui
622 3130 749 3211 negabat
761 3129 905 3191 rationem
919 3128 981 3188 eius
997 3144 1029 3187 se

69 3215 253 3286 habiturum,
272 3224 316 3278 est
329 3215 432 3295 iactus,
438 3224 557 3287 senatu,
576 3234 643 3277 cum
659 3217 690 3276 iu
706 3215 828 3276 summis
845 3211 978 3291 imperiis
999 3209 1030 3270 id

70 3317 129 3360 non
145 3300 335 3372 obtinuisset,
350 3302 449 3363 miuus
465 3301 497 3361 in
513 3307 651 3381 praetura
668 3297 850 3359 intendente.

132 3383 207 3446 XVI.
241 3385 403 3466 insequens
429 3402 538 3456 annus,
568 3383 600 3444 L.
623 3382 740 3460 Papirio
763 3381 867 3442 Crasso
899 3379 1058 3441 Gaesouel

70 3467 177 3530 llullllo
197 3469 382 3542 consulibus,
408 3470 558 3533 Ausonum
584 3468 678 3545 magis
705 3483 779 3526 novo
809 3481 897 3545 quam
923 3481 1030 3543 magno

70 3550 149 3613 bello
165 3553 220 3614 luit
235 3555 369 3632 insignis.
406 3572 438 3614 ea
458 3572 531 3633 gens
545 3551 629 3615 Cales
642 3550 748 3612 urbem
765 3548 928 3618 incolebat3
953 3549 1061 3610 Siai-r

116 3667 141 3706 a.
160 3668 223 3708 mur
241 3669 310 3706 enas
330 3669 364 3706 11,
807 3640 825 3699 5
