2575 4067
251 279 294 344 to
410 294 584 336 nrssnrrrr.
601 292 670 337 cer.
687 281 713 337 3.
728 282 755 336 4.
773 271 811 352 [e.
823 296 854 335 u.
870 294 897 337 c.
907 280 969 335 41³.
986 272 1048 355 414]

253 449 358 503 rentur
372 440 511 512 Romani,
532 438 596 501 tolli
610 440 648 501 ab
668 449 752 520 tergo
768 440 930 502 Samnitem
944 439 1061 501 hostem
1074 437 1219 501 volebant

253 560 296 575 --
312 533 409 586 tamen
423 543 477 604 per
492 524 634 604 quosdam
649 525 770 604 privatis
781 525 915 604 hospitiis
932 520 1219 586 necessitudinibus·

254 627 311 690 quc
327 610 502 671 coniunctos
516 608 625 669 indicia
644 608 854 669 coniurationis
870 609 937 669 eius·
954 608 1078 669 Romam
1094 624 1218 668 emana-

221 700 238 750 4
253 702 342 763 runt,
363 694 509 773 iussisque
522 699 590 754 ante
604 699 723 772 tempus
736 690 905 754 consulibus
922 691 1059 753 abdicare
1073 708 1106 751 sc
1120 692 1219 769 magi·

254 785 361 848 stratu,
378 795 436 857 quo
447 777 590 838 maturius
604 777 672 837 novi
684 774 819 838 consules
831 775 971 837 adversus
982 782 1093 836 tantam
1105 773 1219 836 molem

254 860 324 922 belli
335 868 522 931 crearentur,
534 858 638 938 religio
649 861 770 921 incessit
781 858 819 921 alr
831 860 887 931 eis,
900 877 1026 940 qnorum
1037 859 1219 919 inminutum

223 946 412 1026 timporium
428 951 519 1015 esset,
543 944 661 1005 comitia
681 942 794 1004 haberi.
825 945 924 1023 itaque
937 945 1145 1021 interregnum
1162 942 1219 1002 ini·

254 1036 327 1090 tum.
361 1026 419 1089 duo
438 1028 604 1106 interreges
625 1027 746 1088 luerunt
766 1027 805 1089 Μ.
827 1026 961 1088 Valerius
985 1044 1020 1087 ac
1039 1025 1077 1087 ii.
1096 1024 1218 1087 Fabius.

254 1113 280 1174 is
295 1113 404 1175 creavit
417 1111 553 1174 consules
567 1111 601 1172 T.
619 1109 759 1172 Manlium
775 1111 957 1190 Torquatum
975 1111 1095 1172 tertium
1109 1109 1144 1171 P.
1161 1109 1219 1172 Ile·

257 1197 336 1258 cium
355 1195 480 1257 Murem.

222 1284 240 1337 ct
318 1280 362 1342 Eo
377 1297 454 1341 anno
468 1278 668 1341 Alexandrum
683 1278 766 1358 Epiri
787 1294 888 1357 regern
904 1278 937 1338 in
955 1275 1069 1339 ltaliam
1090 1275 1217 1340 classem

256 1362 404 1444 appulisse
425 1370 554 1431 constan
576 1362 655 1442 quod
675 1360 802 1433 bellum,
826 1362 852 1422 si
871 1362 969 1441 prima
988 1362 1059 1422 satis
1071 1378 1220 1441 prospera

223 1447 392 1517 tirrissent,
420 1446 500 1507 hand
521 1445 609 1506 dubie
629 1446 667 1505 ad
690 1444 839 1506 Romanos
869 1445 1062 1524 pervenisset.
1112 1445 1219 1506 eadem

256 1537 336 1592 aetas
356 1547 458 1590 rerum
486 1528 586 1607 magni
610 1527 768 1590 Alexandri
796 1535 855 1597 est,
886 1547 974 1608 quem
1002 1546 1106 1590 sorore
1130 1527 1220 1590 huius

256 1621 354 1674 ortum
370 1613 402 1673 in
418 1611 475 1672 alio
488 1618 585 1673 tractu
596 1611 677 1674 orbis
691 1613 831 1673 invictum
843 1610 929 1674 bellis
944 1613 1082 1674 iuvenem
1098 1611 1220 1674 fortuna

256 1695 362 1757 morbo
377 1697 508 1758 extinxit.

223 1784 242 1837 8
318 1778 455 1841 Ceterum
471 1779 610 1851 llomani,
632 1780 689 1840 etsi
709 1779 836 1840 deiectio
864 1780 1012 1841 sociorum
1031 1780 1220 1861 neminisque

257 1864 351 1925 Latini
362 1864 441 1924 haud
456 1862 544 1924 dania
563 1870 641 1934 erat,
668 1870 783 1933 tamen,
808 1868 958 1943 umquam
978 1864 1014 1924 de
1027 1863 1219 1933 Samnitibus,

41 1966 50 1970 ·
134 1971 149 1974 ’·
199 1973 211 1976 e
257 1965 317 2008 non
334 1947 370 2008 de
393 1965 426 2009 se
449 1964 549 2008 curam
577 1952 714 2026 agerent,
741 1946 844 2007 decem
867 1947 1018 2027 principes
1044 1947 1219 2009 Latinorum

256 2032 381 2092 liomam
408 2038 617 2103 evocaverunt,
653 2029 759 2114 quibus
786 2031 969 2109 imperarent
996 2048 1071 2112 quae
1099 2029 1218 2093 vellent

225 2120 243 2172 9
256 2122 409 2195 praetores
423 2124 486 2177 tum
501 2114 575 2179 duos
591 2116 708 2176 Latium
727 2112 871 2186 habebat,
887 2115 920 2176 t.
937 2116 1065 2176 Annium
1083 2113 1219 2178 Setiam

258 2207 288 2261 et
304 2200 337 2262 L.
353 2199 518 2263 Numisium
533 2199 751 2268 Cerceiensem‚
775 2196 863 2259 ambo
877 2217 914 2260 ex
930 2198 1054 2260 coloniis
1068 2198 1219 2268 Romanis,

257 2302 312 2364 per
332 2303 405 2366 quos
426 2291 546 2365 praeter
567 2284 699 2361 Signiam
719 2281 916 2363 Velitrasque,
942 2293 971 2343 et
989 2284 1069 2363 ipsas
1089 2280 1220 2344 colonias

258 2369 419 2439 Romanas,
442 2368 539 2429 Volsci
561 2369 649 2429 etiam
670 2366 758 2427 exciti
779 2364 815 2427 ad
834 2384 916 2431 arma
932 2376 1026 2432 erant.
1057 2384 1109 2428 cos
1122 2368 1219 2428 nomi·

217 2454 350 2513 tonatim
365 2453 480 2512 evocari
499 2449 618 2529 placuit.
648 2449 728 2510 hand
744 2450 880 2530 cuiquam
896 2448 1018 2514 dubium
1033 2457 1110 2520 erat,
1127 2468 1221 2530 super

259 2554 316 2616 qua
331 2553 366 2595 re
382 2535 563 2594 accirentur:
589 2534 688 2613 itaque
705 2532 830 2594 concilio
853 2534 935 2613 prius
950 2533 1051 2596 habito
1066 2541 1220 2615 praetores

259 2635 347 2698 quam
361 2617 485 2682 Romam
499 2616 771 2696 proficiscerentur,
792 2624 928 2680 evocatos
942 2635 975 2678 se
994 2617 1031 2679 ab
1046 2625 1152 2679 senatu
1167 2617 1220 2681 do·

259 2707 328 2762 cent
342 2701 489 2771 Romano,
505 2706 535 2760 et
551 2717 627 2782 quae
642 2707 741 2760 actum
757 2700 796 2760 iri
810 2716 910 2762 semin
925 2701 1062 2772 credent,
1079 2700 1221 2782 quidnam

261 2782 297 2844 ad
314 2801 348 2845 ea
363 2783 536 2862 responderi
550 2780 665 2863 placeat
684 2783 827 2845 referunt.

228 2876 241 2929 l
321 2867 367 2929 lV.
390 2868 463 2930 Cum
475 2866 552 2928 aliud
564 2865 613 2928 alii
625 2875 790 2937 censerent,
804 2868 998 2929 tuminnius:
1015 2886 1220 2949 „quamquam

258 2954 321 3032 ipsc
344 2970 399 3032 ego
421 2950 535 3023 rettuli,
559 2951 630 3032 quid
651 2949 825 3031 responderi
843 2949 988 3031 placeret,
1008 2959 1108 3016 tamen
1125 2953 1221 3030 magis

258 3036 295 3098 ad
302 3054 446 3098 summam
455 3054 555 3096 rerum
562 3042 731 3095 nostrarum
742 3036 894 3113 pertinere
901 3033 1039 3106 arbitror,
1051 3035 1221 3116 ipridagen·

260 3120 329 3182 dum
345 3118 431 3181 nobis
446 3136 534 3198 quarn
546 3119 616 3199 quid
626 3116 807 3198 loquendum
823 3120 870 3179 sit.
899 3117 984 3181 facile
995 3120 1052 3180 erit
1067 3118 1221 3199 explicatis

226 3212 243 3262 2
258 3202 388 3265 consiliis
401 3201 625 3263 accommodare
635 3201 725 3263 rebus
735 3200 835 3264 verba.
862 3220 930 3264 nam
941 3204 967 3264 si
979 3204 1067 3264 etiam
1078 3200 1220 3263 nuncsub

259 3286 364 3348 umbra
376 3286 503 3346 foederis
516 3287 601 3366 aequi
612 3287 782 3347 servitutem
794 3287 854 3367 pati
866 3286 1026 3367 possimus,
1040 3286 1111 3367 quid
1126 3284 1219 3353 abest,

260 3372 331 3450 quin
349 3369 474 3449 proditls
490 3369 627 3433 Sidicinis
645 3389 706 3432 non
724 3370 926 3432 Romanorum
948 3370 1044 3437 solum
1065 3370 1119 3431 sed
1135 3367 1219 3431 Sem·

260 3455 364 3514 uitium
380 3470 497 3534 qnoque
513 3452 593 3516 dicto
613 3473 786 3534 pareamus,
807 3453 1097 3535 respondeamusque
1111 3454 1219 3516 liema-

225 3542 243 3595 3
260 3537 319 3606 nis,
332 3553 400 3606 nos,
416 3536 467 3596 ubi
479 3538 645 3608 innuerint,
660 3540 808 3618 posituros
820 3555 902 3599 mma
931 3539 1086 3600 sinautem
1099 3536 1220 3600 tandem
