2575 4067
247 239 782 342 eremmon.t.[e.0.t21.taol
930 263 990 332 101

68 420 181 486 emus
194 422 336 504 perlectis
349 423 387 485 de
407 442 479 503 pace
493 422 622 487 Caudina
642 422 835 498 rettuleruut;
855 433 886 487 et
896 424 998 490 Publi·
1013 435 1028 484 t

66 502 117 578 im,
128 525 218 587 penes
228 525 319 589 quem
328 508 423 570 luces
434 516 531 570 mant:
557 508 648 580 „die,
661 508 997 592 Sp.Poetuml‘⁴inqult.

63 591 100 667 qu
110 589 156 652 ubi
165 592 312 663 mrrexit,
334 591 439 654 eodem
451 590 503 654 illo
516 591 610 665 rmus,
632 611 692 674 quo
704 591 761 656 sub
776 593 877 673 iugum
891 595 1000 659 missus

62 681 122 735 erat:
139 674 244 747 „baud
255 676 475 756 rumignurus“
493 677 603 757 inquit,
618 675 796 748 ..eonsules,
809 678 1025 757 ignominiae,i

60 771 106 819 usn
114 757 234 822 honoris
245 776 335 822 eausa
345 777 394 822 me
403 760 532 841 primurn
540 761 698 823 excitatum
708 761 879 843 iussumque
887 760 996 833 dieere,

59 855 105 901 uon
118 850 269 924 umquem
279 851 463 915 senatorem,
476 843 529 906 sed
543 851 693 926 umquem
704 863 790 908 reum
801 862 859 926 que
871 842 996 907 lnieliuis

57 920 178 1007 bellique
191 927 409 1008 ignominiosae
420 929 512 1009 peeis.
533 945 589 1007 ego
601 936 709 1001 umen,
725 929 842 1011 mendo
853 945 948 1009 neque
959 928 1022 991 dei

56 1023 119 1070 nura
130 1019 233 1073 nostra
246 1028 344 1092 neque
355 1010 392 1073 de
404 1028 501 1092 poena
513 1011 681 1084 rettulistis,
696 1014 805 1076 omissa
815 1012 995 1084 defensione,

56 1107 116 1169 pne
128 1111 188 1157 non
203 1094 377 1157 diiiidllima
391 1105 470 1158 esset
480 1095 558 1177 apud
572 1096 652 1159 baud
672 1098 793 1177 ignum
811 1096 996 1159 iossunmm

55 1172 237 1242 bumanamm
257 1181 548 1261 necessitatiumque,
573 1183 749 1243 eententmn
765 1180 802 1242 de
818 1199 868 1252 eo,
889 1179 927 1243 de
938 1198 997 1261 quo

54 1260 206 1336 rettulistis,
222 1264 327 1344 peuols
337 1281 486 1344 peragsm.
513 1281 589 1345 quse
602 1266 748 1326 sententis
759 1265 843 1327 testis
856 1265 927 1336 erit,
942 1266 997 1325 ml·

54 1338 112 1404 ltine
126 1363 164 1408 an
176 1346 346 1427 legionibus
361 1349 467 1410 restris
479 1348 681 1428 pepercerim,
702 1366 770 1411 eum
785 1365 833 1410 me
852 1365 905 1410 seu
918 1349 998 1428 turpi

53 1441 94 1487 seu
103 1433 271 1493 neomenia
281 1432 438 1511 sponsione
449 1430 607 1501 obsuinri;
622 1449 680 1513 qua
694 1439 809 1504 temen,
821 1431 938 1514 quando
951 1433 1026 1494 ine

52 1506 120 1572 bessi
131 1513 236 1597 populi
250 1514 328 1576 laute
343 1522 402 1594 est,
416 1532 477 1576 non
491 1523 609 1577 tenetur
622 1514 749 1597 populus
763 1515 926 1587 Romanus,
942 1533 999 1578 nee

52 1593 241 1676 tticqmu
253 1615 288 1659 es
298 1605 503 1679 praeterquam
513 1616 639 1679 corpora
650 1609 751 1662 nostre
762 1599 907 1662 debentur
913 1600 997 1663 Sem·

51 1675 158 1743 sitiisse.
187 1681 334 1744 dedamur
348 1699 403 1762 per
417 1680 531 1744 fetiales
544 1682 616 1744 nudi
630 1685 793 1766 rinstique;
814 1684 1025 1747 exsolvamusb

52 1758 180 1839 reigione
197 1765 357 1848 populum,
372 1767 398 1828 sl
411 1784 469 1847 qua
484 1765 689 1846 obligavimus,
705 1787 743 1830 ne
754 1768 824 1850 quid
839 1768 929 1830 divini
943 1768 997 1829 bu·

51 1846 153 1909 nenive
174 1850 289 1921 obstet,
321 1867 380 1931 quo
397 1851 495 1912 minus
521 1851 630 1913 iustum
658 1854 798 1933 piumque
820 1852 856 1913 de
881 1853 998 1931 integro

51 1923 154 1994 illustr
175 1932 300 1996 bellum.
327 1935 442 1996 interea
463 1934 599 1996 eonsules
618 1938 780 1998 exercitum
800 1934 931 1997 seribere
950 1941 1025 1997 sr·t

52 2023 123 2074 mere
134 2015 265 2080 educere
275 2017 380 2097 plaeet,
393 2034 449 2079 nec
459 2018 542 2097 prius
551 2018 667 2097 ingredi
676 2020 805 2081 hostium
815 2019 898 2090 lines,
910 2037 998 2100 wem

52 2097 139 2159 omns
158 2101 239 2164 iusta
258 2103 289 2162 in
304 2100 483 2163 deditionem
503 2108 634 2163 ossuum
658 2103 789 2182 perfectu
810 2109 907 2163 erunt
937 2108 1028 2172 vose

53 2172 88 2237 iii
97 2179 283 2257 inmortales,
297 2202 406 2265 precor
416 2201 598 2265 qrsaesoque,
623 2185 650 2246 sl
666 2184 748 2246 vobis
762 2202 823 2245 non
845 2183 902 2246 iuit
916 2185 1000 2247 cordi

53 2256 96 2338 Sp.
105 2263 289 2332 Postumium
299 2269 333 2331 Τ.
346 2270 498 2331 Veturium
508 2268 643 2330 eonsules
657 2286 725 2330 eum
736 2266 915 2329 Samnitibus
929 2284 999 2348 pro·

54 2358 130 2437 flers
145 2350 260 2417 bellum
278 2370 399 2431 gerere,
414 2360 445 2415 et
457 2369 510 2414 ros
523 2353 594 2415 satis
608 2351 741 2415 babeatis
756 2350 863 2413 vidisse
876 2369 931 2415 nos
945 2348 1027 2414 subu

53 2438 143 2506 rugum
156 2438 279 2509 missos,
300 2436 407 2499 vidisse
420 2437 579 2517 sponsione
598 2437 703 2499 infami
718 2434 876 2515 obligatos,
899 2434 1000 2497 videre

54 2511 138 2578 nudos
151 2522 325 2602 ductosque
344 2520 478 2584 hostibus
495 2520 623 2594 deditos,
647 2538 767 2584 omnem
780 2522 856 2582 irem
872 2520 1000 2583 bostium

55 2601 152 2663 ¹¹ostris
166 2605 312 2687 capitibus
327 2606 524 2686 excipientes;
548 2624 639 2668 noros
654 2604 790 2668 eonsules
809 2604 998 2686 legionesque
1009 2608 1042 2662 10

55 2671 189 2750 R(titianas
202 2693 245 2751 lta
259 2706 327 2750 oum
340 2689 471 2752 Samnite
485 2707 588 2769 gerere
603 2690 714 2753 bellum
727 2688 836 2762 velitis,
854 2698 888 2753 ut
901 2691 1000 2753 omnia

56 2769 115 2855 ants
127 2785 181 2833 nos
195 2772 332 2835 eonsules
345 2772 422 2835 belle
436 2782 518 2854 gesta
532 2782 631 2836 sunt.“
660 2793 734 2855 quae
748 2774 799 2836 ubi
816 2773 902 2847 dixit,
919 2781 999 2835 tanta
1011 2778 1041 2831 11

56 2849 133 2937 smol
143 2856 297 2919 admiratio
304 2858 512 2938 miseratioque
521 2859 577 2918 riri
587 2859 708 2920 incessit
718 2858 861 2928 homines,
873 2856 1000 2919 utmodo

57 2939 99 2988 '11
111 2939 265 3002 crederent
279 2939 363 3002 illum
377 2941 504 3004 eundem
518 2959 582 3004 esse
596 2942 646 3024 Sp.
661 2941 856 3011 Postumium,
872 2941 922 3019 qul
933 2956 1001 2999 auc·

57 3013 98 3070 tor
111 3022 167 3084 iam
180 3024 285 3087 foedae
295 3025 378 3107 paeis
393 3024 510 3101 diuet,
525 3026 614 3087 modo
623 3027 850 3093 miserarentur,
867 3021 946 3102 quod
957 3022 1001 3080 vir
1012 3027 1043 3079 1²

58 3092 115 3158 ‘³¹¹³
128 3107 215 3174 etism
236 3110 429 3192 praecipuum
449 3109 527 3191 apud
547 3110 647 3172 hostes
666 3106 842 3190 supplicium
862 3121 1002 3186 passurus

60 3189 127 3245 “tet
139 3188 177 3251 ob
190 3194 265 3255 barn
276 3192 440 3273 diremptae
452 3194 543 3273 pacis.

110 3268 180 3337 Cum
194 3295 296 3340 omnes
310 3275 445 3339 laudibus
458 3275 546 3339 modo
559 3282 772 3355 prosequentes
785 3275 879 3335 snum
891 3273 923 3334 in
934 3289 1001 3334 sen·
1013 3278 1045 3331 is

61 3346 169 3419 teiiiam
184 3363 247 3423 eius
261 3361 387 3442 pedibus
401 3361 494 3430 irent,
510 3365 651 3438 temptata
667 3356 817 3438 paulisper
830 3357 1003 3419 intercessio

60 3437 99 3489 Μ
113 3436 147 3498 ib
161 3442 193 3505 L.
210 3445 291 3507 Livio
306 3453 336 3507 et
351 3446 385 3517 Q.
399 3442 504 3507 blaelio
517 3441 644 3504 tribunis
657 3441 765 3522 plebis,
779 3441 829 3523 qui
842 3449 1044 3522 nequem-14

61 3510 125 3578 solvi
137 3524 278 3609 reiigione
291 3527 432 3610 populum
448 3528 564 3590 aiebant
576 3526 724 3588 deditione
738 3544 805 3599 sua,
828 3527 886 3589 nisi
906 3527 1003 3588 omnia
