2575 4067
299 237 393 282 omna
407 240 471 283 ιιι.
486 239 555 283 oar.
572 228 597 283 8.
612 228 639 282 a.
656 220 696 303 [a.
713 223 748 287 0.
764 222 827 305 218]
980 229 1041 294 211

83 394 220 450 coortum
232 394 278 447 est
288 383 408 456 bellum,
420 386 612 466 pluribusque
622 386 764 468 partibus,
774 389 1042 471 rhacdpientibus

82 469 259 552 quibusdam
280 486 371 548 opera
390 468 477 539 locis,
504 472 607 532 vineae
626 478 748 552 coeptae
768 472 815 550 agl
834 473 1041 555 admoverique

84 556 169 616 aries.
195 551 364 614 abundabat
373 552 560 615 multitudine
577 553 731 615 bominum
745 554 862 617 Poenus
875 590 911 602 -
925 557 961 619 ad
972 567 1070 619 cen-a

83 647 144 700 tum
156 637 368 718 qulnquaginta
378 635 459 697 mllia
470 636 608 700 hahuisse
616 638 648 698 ln
659 639 749 700 armis
761 639 832 700 satis
843 639 974 701 creditur
983 660 1041 710 —;

83 721 223 803 oppidani
233 719 271 781 ad
282 721 378 780 omnia
397 720 506 781 tuenda
518 728 604 800 atque
615 720 752 783 obeunda
761 721 949 785 multifariam
963 723 1043 784 disti-
1058 733 1075 783 4

83 806 147 868 ueri
162 805 261 883 coeptl
276 801 373 884 [sunt]
396 820 457 864 oon
470 804 665 866 sufficiebant
699 807 799 885 itaque
812 807 872 867 iam
894 806 1072 868 feriebanb

83 896 132 951 tur
143 885 285 949 arietibus
298 887 391 958 muri,
407 895 617 968 quassataeque
632 888 742 950 madiae
757 897 858 968 partes
869 898 968 959 erant;
983 908 1043 951 una

83 969 302 1035 continentibus
312 971 407 1031 ruinis
420 971 581 1032 nudaverat
594 971 714 1034 urbem:
730 974 785 1033 tris
800 972 939 1053 deinceps
952 975 1043 1036 turris

83 1061 284 1135 quantumque
297 1055 376 1115 inter
391 1071 440 1115 aas
455 1056 533 1116 muri
548 1062 613 1116 erat
627 1073 695 1117 oum
709 1056 828 1134 fragore
843 1041 1049 1137 ingentiffe:

83 1138 229 1200 ciderunt.
252 1144 369 1216 capuam
380 1137 520 1216 oppidum
530 1139 962 1213 earuinacredlderantPoeni
975 1158 1041 1221 qua,
1058 1145 1075 1199 d

82 1219 202 1283 velutsi
221 1221 332 1299 pariter
351 1227 493 1301 utrosque
509 1239 612 1283 murus
626 1224 759 1292 texisset,
781 1224 821 1285 ita
841 1225 989 1304 utrimque
1012 1225 1044 1284 in

83 1322 214 1384 pugnam
224 1320 400 1384 procursum
413 1312 467 1366 est
497 1304 571 1366 nihil
587 1303 793 1367 tumudtaariae
813 1324 930 1387 pugnae
945 1305 1041 1369 simile
1058 1315 1074 1365 7

84 1397 160 1459 erat,
183 1385 284 1467 quales
304 1389 336 1448 in
357 1386 624 1467 oppugnationlbus
643 1388 761 1450 urbium
781 1406 837 1468 per
858 1391 1044 1452 occasionem

83 1473 176 1552 partls
187 1469 308 1532 alterius
319 1472 435 1533 conseri
452 1471 560 1543 solent,
579 1471 631 1533 sed
642 1473 736 1534 lautae
752 1472 919 1535 aclesrelut
931 1474 1044 1554 patenti

83 1555 651 1719 iiiiiiiuiiiifflliiiti?
665 1554 1075 1720 iiiiiiiiiiiliiii

82 1716 202 1791 inritat,
217 1720 318 1781 Poeno
332 1723 445 1801 cepisse
456 1723 514 1784 lam
531 1740 563 1782 se
574 1721 695 1792 urbem,
713 1723 739 1783 si
753 1721 873 1801 paulum
885 1723 1042 1795 adnitatur,

84 1803 238 1873 credente,
268 1803 435 1883 Saguntinis
452 1823 507 1884 pro
521 1823 563 1876 nu
583 1813 629 1867 ata
641 1804 796 1867 moenibus
810 1807 906 1886 patria
917 1825 1044 1888 corpora

82 1885 545 2032 sententiantium.
575 1869 753 2050 iiiiii
766 1891 863 2032 aii
874 1888 1076 2034 uu,

84 2055 137 2115 tim
152 2055 245 2132 magis
260 2055 408 2133 utrimque
426 2053 611 2134 pugnabant,
634 2072 671 2115 eo
693 2051 795 2133 plures
814 2053 1045 2117 vulnerabantur

83 2135 164 2198 nadlo
178 2138 256 2198 luter
271 2154 352 2199 arma
368 2154 477 2215 corpor
494 2155 552 2217 que
567 2155 642 2197 rano
652 2136 847 2198 intercidente
861 2135 931 2197 telo.
968 2138 1087 2217 pha-10

84 2221 176 2282 larice
191 2228 255 2283 erat
270 2221 440 2299 Saguntinis
451 2155 564 2283 ‘nibella
585 2219 677 2282 tilum
690 2214 789 2280 hastili
807 2219 931 2297 abiegno
950 2227 980 2280 et
996 2237 1044 2279 ce·

84 2312 148 2365 tera
160 2305 246 2364 tereti
257 2312 464 2384 praeterquam
471 2303 509 2366 ad
517 2312 691 2375 extremum,
702 2302 781 2366 unde
792 2303 905 2364 ferrum
912 2301 1043 2370 extabat3

16 2440 18 2444 .
83 2387 131 2457 id,
156 2387 275 2448 sicutln
289 2386 372 2468 pilo,
387 2387 562 2468 quadratum
579 2394 684 2468 stuppa
708 2385 951 2466 circumligabant
970 2384 1044 2446 line·

84 2470 214 2550 bantque
232 2472 312 2551 pice;
334 2472 447 2534 ierrum
469 2480 566 2533 autem
585 2478 647 2533 tres
666 2470 786 2550 longum
802 2469 1086 2551 babebatpedes,11

85 2561 199 2615 uicum
216 2554 306 2617 amn
324 2556 498 2635 transfigere
514 2573 621 2635 corpus
640 2562 751 2636 posset.
784 2553 838 2615 sed
857 2554 887 2614 id
907 2554 1043 2631 maxime,

86 2638 210 2699 etiamsi
225 2639 367 2702 baesimet
381 2641 413 2700 in
428 2647 512 2701 scuto
527 2657 582 2701 neo
596 2646 781 2719 penetrasset
801 2639 833 2699 ln
847 2656 972 2718 corpus,
992 2655 1044 2719 pa·

84 2739 187 2783 rorem
197 2720 336 2793 iaciebat,
360 2724 453 2804 quod,
476 2742 544 2785 cum
558 2724 859 2805 meQqucffisffl
876 2725 1042 2785 mitteretur
1053 2728 1087 2778 12

86 2810 319 2883 conceptumque
345 2808 410 2885 ipso
430 2814 513 2868 motu
534 2805 625 2867 multo
653 2807 795 2868 maiorem
819 2809 918 2884 ignem
943 2806 1045 2873 ferret,

86 2903 170 2947 arma
190 2887 286 2944 omitti
305 2888 429 2965 cogebat
453 2890 624 2967 nudumque
647 2887 771 2950 militem
793 2887 830 2948 ad
856 2890 1046 2965 insequentes

86 2970 164 3029 ictus
183 2964 353 3044 praebebat
396 2971 444 3032 lx„
471 2974 542 3034 Cum
564 2971 613 3033 diu
634 2986 744 3050 anceps
762 2970 866 3030 ferisset
887 2970 1073 3112 effluat

88 3059 120 3113 et
139 3049 321 3128 Saguntinis,
348 3053 415 3130 quia
435 3062 552 3133 praeter
575 3072 657 3134 spem
678 3055 865 3122 resisterent,
887 3069 903 3113 c
997 3057 1047 3110 ent

52 3162 57 3167 ·
88 3134 193 3206 ammi,
211 3133 342 3205 Poenus,
361 3136 428 3214 quia
445 3153 506 3196 non
519 3137 648 3206 vicisset,
666 3155 721 3216 pro
734 3139 811 3198 victo
829 3143 919 3205 esset,
936 3132 1072 3195 clamo-2

89 3236 153 3280 rem
174 3225 298 3297 repente
313 3217 453 3299 oppidani
473 3216 579 3279 tollunt
599 3218 773 3298 hostemque
792 3221 825 3278 in
849 3219 949 3279 rulnau
969 3218 1048 3277 muri

90 3300 255 3381 expellunt,
272 3301 342 3363 inde
352 3301 516 3383 inpeditum
531 3300 787 3446 trepidantomfflre
803 3300 972 3371 exturbant,
993 3317 1046 3379 pe·

90 3394 201 3447 stremo
216 3385 314 3448 lusum
330 3385 520 3465 fugatumque
532 3387 564 3447 in
579 3390 675 3446 castra
689 3399 727 3444 re·
754 3392 837 3464 gont.

155 3469 274 3531 interim
291 3470 327 3532 ab
343 3470 435 3532 Roma
451 3469 562 3549 legatos
582 3469 697 3529 senisse
717 3470 882 3532 inundatum
903 3478 961 3537 est;
983 3466 1075 3548 qui-a

778 3554 842 3619 14*
